2150 3138
1043 236 1098 275 18

282 353 457 392 eiusdem
486 352 571 402 agri
603 348 752 388 cultura
773 349 1025 398 impenderit,
1062 349 1137 386 hoc
1163 346 1263 385 nihil
1290 347 1339 383 ad
1368 359 1475 390 rem3
1506 354 1547 383 at
1565 359 1614 384 ne
1632 346 1757 385 fixam
1777 345 1860 397 qui-²

283 415 372 454 dem
390 427 434 452 ac
451 411 631 451 stabilem
655 407 878 449 hominibus
899 411 1026 449 fuisse
1053 411 1187 449 sedem
1207 407 1451 459 singulisque
1475 409 1590 445 annis
1615 406 1769 447 exactis
1787 419 1858 445 eos

283 479 325 513 in
344 476 463 512 alium
480 474 610 511 locum
630 473 906 519 transmigrare
927 485 981 509 ex
1001 473 1178 509 instituto
1198 471 1325 519 patrio
1346 468 1550 515 debuisse,
1571 469 1613 506 id
1632 481 1751 518 quum
1775 480 1860 505 ma·

283 550 401 590 gnam
430 550 452 574 a
478 533 637 586 reliquis
665 530 845 586 gentibus
873 533 1052 583 proderet
1071 544 1223 571 morum
1252 528 1552 582 discrepantiam
1568 558 1579 578 ‚
1612 529 1722 568 nullo
1741 530 1860 569 modo

284 601 437 637 reticeri
467 597 611 634 debuit.
673 596 844 646 Apparet
864 595 1033 641 exinde,
1070 606 1184 645 quam
1207 606 1329 644 prope
1347 592 1566 631 Suevorum
1585 593 1667 630 vita
1686 603 1863 629 accesse-

284 662 336 699 rit
365 660 413 697 ad
438 657 695 697 Nomadicum
726 667 874 707 genus;
920 656 1022 707 quod
1054 668 1171 707 quum
1205 652 1307 693 bene
1341 646 1510 693 senserit
1542 662 1696 701 auctor,
1744 656 1863 705 porro

287 721 472 771 exponit,
525 719 718 770 quomodo
744 718 782 756 id
814 717 925 756 salva
949 717 1150 769 republica
1176 716 1263 756 fieri
1290 720 1482 769 potuerit:
1536 730 1605 755 eos
1640 718 1745 754 enim
1781 727 1863 753 non

286 792 364 822 tam
393 782 588 820 frumento
623 782 696 828 ait,
732 793 846 831 quam
872 782 954 827 τοῖς
971 781 1012 819 ἐκ
1030 782 1111 820 τῶν
1127 779 1279 832 ἀγελῶν
1293 782 1539 833 γιγνομένοις
1554 785 1724 833 καρποῖς
1740 779 1862 817 vitam

288 853 520 884 sustentare.
586 841 696 887 Quae
729 855 846 892 quum
874 844 929 880 ita
956 845 1056 891 sint,
1090 857 1138 881 ea
1165 856 1281 894 quam
1307 843 1477 895 legimus
1495 842 1680 881 Caesaris
1699 841 1747 879 de
1764 839 1863 878 Sue-

288 919 424 946 vorum
455 907 533 943 vita
557 906 728 943 narratio
759 917 897 942 11131103
926 915 1040 957 atque
1069 919 1122 943 ex
1152 915 1262 956 parte
1282 904 1420 943 clauda
1439 906 1649 944 iudicanda
1666 905 1795 951 foret,
1826 904 1866 940 si.

287 981 384 1020 quae
404 980 538 1004 eorum
554 968 670 1004 fuerit
689 965 890 1004 habitandi
910 976 1023 1018 atque
1038 968 1269 1005 considendi
1285 969 1386 1004 ratio
1403 967 1613 1017 peculiaris
1632 975 1670 1004 et
1689 966 1861 1017 propria,

287 1030 419 1082 paucis
438 1027 658 1066 describere
681 1031 1030 1080 praetermisisset,
1063 1030 1294 1082 praesertim
1316 1042 1458 1081 quum,
1493 1031 1648 1068 etiamsi
1665 1026 1864 1068 domicilia

287 1093 369 1130 fixa
396 1090 621 1138 habuerint,
651 1105 833 1143 agrorum
864 1094 1084 1130 communio
1122 1105 1210 1130 esse
1236 1094 1429 1143 potuerit,
1481 1093 1677 1129 universis
1713 1089 1862 1128 scilicet

286 1155 371 1206 pari
397 1154 526 1205 operis
553 1154 726 1192 faciundi
756 1152 884 1192 officio
912 1153 1121 1193 obstrictis.
1184 1155 1234 1193 Et
1263 1167 1379 1205 quum
1401 1166 1499 1206 quae
1519 1162 1653 1192 nostro
1674 1152 1763 1191 loco
1784 1160 1861 1190 tra·

288 1217 452 1262 duntur,
491 1216 631 1253 iisdem
647 1217 731 1254 fere
750 1215 881 1254 verbis
893 1244 904 1263 ,
938 1225 1040 1255 certe
1060 1218 1094 1254 si
1115 1230 1197 1255 rem
1216 1218 1454 1267 spectaveris
1466 1244 1477 1263 ,
1510 1216 1616 1254 idem
1634 1213 1863 1266 significan-

286 1276 413 1324 tibus,
446 1275 548 1314 libro
565 1275 637 1315 VI.
688 1290 720 1315 c.
748 1281 818 1315 22.
847 1278 895 1316 de
916 1277 1122 1316 Germanis
1142 1286 1388 1328 repetantur,
1421 1278 1512 1327 quid
1529 1286 1590 1315 est
1608 1277 1709 1327 quod
1727 1274 1861 1326 prohi-

287 1337 401 1385 beat,
434 1339 639 1389 quominus
669 1338 711 1376 in
739 1337 955 1378 subsidium
979 1338 1120 1389 verba,
1159 1353 1257 1391 quae
1283 1338 1340 1378 ibi
1357 1338 1565 1391 legantur,
1598 1343 1858 1383 arcessamus,

288 1402 345 1438 ita
371 1398 575 1438 habentia:
615 1402 810 1451 principes
841 1414 885 1439 ac
913 1404 1166 1453 magistratus
1185 1404 1225 1439 in
1250 1414 1376 1439 annos
1395 1401 1574 1452 singulos
1593 1400 1776 1453 gentibus
1796 1410 1860 1437 οο·

293 1457 621 1513 gnationibusque
653 1460 853 1500 hominum
871 1491 883 1510 ,
922 1465 987 1514 qui
1014 1477 1093 1501 una
1114 1465 1298 1510 coierint,
1337 1471 1523 1515 quantum
1547 1471 1585 1501 et
1602 1476 1678 1513 quo
1694 1462 1784 1501 loco
1802 1461 1861 1498 xi-

295 1536 383 1561 sum
401 1531 481 1570 est,
516 1525 602 1574 agri
622 1522 859 1571 adtribuunt,
895 1534 1007 1576 atque
1028 1519 1131 1564 anno
1144 1532 1240 1576 post
1255 1526 1337 1564 alio
1357 1529 1532 1564 transire
1552 1530 1707 1575 cogunt.
1736 1522 1860 1561 Cuius

292 1585 461 1623 instituti
479 1593 633 1635 praeter
653 1585 751 1623 alias
773 1585 869 1624 haec
888 1587 1113 1637 perhibetur
1133 1598 1294 1625 caussa:
1328 1600 1377 1624 ne
1395 1589 1611 1624 accuratius
1636 1587 1685 1624 ad
1708 1587 1860 1636 frigora

292 1655 405 1697 atque
429 1655 560 1684 aestus
582 1647 761 1684 vitandos
781 1648 1009 1694 aedificent.
1073 1648 1239 1695 Videat,
1260 1649 1324 1699 qui
1343 1648 1469 1686 adhuc
1493 1646 1739 1694 dubitaverit,
1764 1658 1859 1683 num

286 1708 467 1746 lectionis
499 1716 655 1745 nostrae
684 1709 850 1746 tuendae
878 1709 1029 1747 firmius
1063 1709 1219 1760 aliquod
1256 1710 1495 1760 praesidium
1520 1710 1702 1747 advocari
1730 1715 1858 1759 queat.

285 1769 515 1817 Praeterea,
552 1778 665 1820 atque
691 1769 765 1809 hoc
790 1771 831 1808 in
857 1772 1082 1810 universum
1114 1772 1258 1810 dictum
1280 1780 1389 1819 esto,
1418 1784 1617 1822 nunquam
1634 1771 1773 1809 adduci
1788 1781 1859 1821 po-

290 1833 466 1877 terimus,
492 1839 534 1868 ut
552 1833 683 1869 colere
702 1840 815 1882 atque
834 1835 1008 1872 incolere
1025 1835 1112 1871 'sine
1126 1833 1207 1871 ulla
1229 1833 1434 1871 1101101111ιῆ
1452 1834 1702 1871 distinctione
1722 1845 1745 1869 a
1763 1831 1858 1869 scri·

284 1891 461 1944 ptoribus
482 1892 735 1943 diligentibus
762 1903 989 1945 usurpatum
1007 1896 1223 1934 credamus.
1284 1894 1483 1933 Differunt
1499 1896 1601 1933 inter
1619 1907 1663 1933 se
1683 1895 1760 1932 duo
1779 1894 1857 1931 ista

281 1953 493 2001 vocabula,
531 1969 655 2005 neque
674 1955 892 2006 paullulum
913 1959 1030 1996 modo
1044 1986 1056 2005 ,
1089 1959 1159 1995 sed
1182 1957 1395 2007 aliquanto.
1457 1955 1560 1994 Nam
1584 1958 1717 1995 colere
1736 1967 1855 2007 quum

285 2017 494 2068 antiquitus
520 2018 598 2055 vim
626 2015 805 2056 habuerit
831 2023 1081 2059 transitivum
1103 2023 1216 2071 atque
1235 2020 1333 2057 adeo
1352 2032 1485 2058 casum
1505 2017 1661 2058 Obiecti
1682 2019 1857 2069 requirat

285 2078 559 2117 Accusativum
570 2106 582 2125 ,
613 2093 726 2128 quem
745 2094 791 2117 ea
810 2082 895 2130 ipsa
914 2083 962 2119 de
985 2095 1126 2119 caussa
1145 2084 1216 2119 vix
1238 2094 1408 2132 unquam
1428 2080 1532 2132 apud
1557 2082 1767 2131 scriptores
1786 2091 1856 2116 au·

287 2141 346 2178 rei
376 2139 542 2186 saeculi,
573 2149 844 2192 praeterquam
872 2148 1033 2193 poe'tas,
1066 2144 1379 2190 desideraveris,
1420 2151 1559 2193 sponte
1586 2156 1659 2180 sua
1691 2138 1854 2192 quisque

284 2200 499 2251 intelliget,
535 2214 725 2251 quaenam
752 2203 842 2241 huic
859 2206 947 2242 voci
973 2206 1090 2242 etiam
1108 2213 1190 2243 tum
1209 2203 1413 2241 inhaereat
1441 2206 1572 2250 notio,
1601 2216 1717 2254 quum
1737 2212 1853 2240 casus

283 2276 396 2314 quem
421 2275 606 2301 vocamus
636 2263 786 2304 Obiecta·
810 2278 834 2303 a
862 2267 1051 2316 scriptore
1076 2266 1208 2304 verbis
1241 2269 1456 2316 expressus
1482 2278 1564 2317 non
1591 2266 1654 2301 sit.
1713 2262 1852 2301 Man'et

284 2326 467 2362 nimirum
497 2324 605 2362 notio
635 2326 710 2363 ista
735 2328 921 2377 primaria
946 2326 1152 2379 locumque
1172 2340 1284 2365 833111
1304 2325 1474 2374 obtinet,
1510 2334 1680 2365 attamen
1702 2327 1780 2374 ita,
1810 2333 1853 2364 ut

283 2398 363 2423 non
381 2395 460 2424 tam
477 2388 578 2424 actio
598 2388 685 2438 ipsa
705 2388 965 2439 agriculturae
984 2389 1239 2441 intelligatur,
1258 2401 1372 2440 quam
1390 2402 1489 2440 quae
1508 2402 1561 2426 ex
1581 2401 1629 2425 ea
1649 2388 1854 2438 consequi·

279 2456 344 2486 tur
374 2449 475 2487 vitae
506 2451 739 2488 sustentatio
765 2452 928 2504 ipsaque
957 2454 998 2491 in
1026 2451 1158 2503 aliqua
1179 2453 1341 2503 regione
1358 2451 1626 2498 commoratio,
1659 2458 1850 2501 quatenus

280 2522 377 2562 agro
403 2511 566 2550 colendo
588 2512 855 2566 fructibusque
876 2515 1022 2554 exinde
1040 2513 1273 2569 colligendis
1287 2512 1351 2554 vel
1369 2513 1543 2554 collectis
1562 2511 1781 2553 tolerabilis
1792 2511 1850 2553 fit.
