2150 3138
1029 235 1085 277 19

265 349 454 388 Ponimus
487 350 626 402 igitur,
664 348 868 398 homines,
896 351 962 402 qui
992 358 1165 389 tractum.v
1184 348 1352 402 aliquem
1371 351 1537 395 -colant,
1566 346 1767 397 laborare,
1794 352 1837 389 in

266 425 385 462 opere
412 411 669 463 qualicunque
688 425 798 459 esse,
842 413 926 450 sive
947 426 1031 451 rem
1045 414 1270 463 pecuariam
1288 420 1446 458 curent,
1479 413 1564 449 sive
1593 410 1837 449 sementibus

264 474 379 511 factis
405 474 508 511 vitae
536 472 834 511 necessitatibus
858 474 1103 524 provideant.
1167 471 1313 511 Contra
1343 473 1379 510 si
1405 473 1490 523 quis
1521 470 1708 523 populum
1727 479 1834 509 trans

265 534 445 574 Rhenum
461 537 634 575 incolere
652 536 810 583 dixerit,
827 534 932 575 hunc
952 544 1096 575 certam
1114 535 1248 575 sedem
1265 548 1309 574 ac
1326 533 1456 574 solum
1477 546 1591 572 suum
1604 542 1835 584 occupatum

268 605 402 637 tenere
427 596 565 648 fingit,
602 597 705 634 intra
737 596 919 640 definitos
947 596 1087 647 quibus
1130 597 1386 637 circumdetur
1411 595 1571 633 limites.
1632 594 1834 634 Habitare

263 659 451 710 denique,
485 660 521 696 si
548 658 783 710 Analogiam
812 660 989 710 sequaris
1016 660 1175 706 ducem,
1205 657 1304 698 nihil
1334 666 1395 697 est
1414 658 1492 695 nisi
1515 654 1653 700 crebro
1684 670 1730 695 ac
1755 657 1833 695 fre-

264 730 425 773 quenter
442 721 484 757 in
503 720 631 771 aliquo
654 710 741 758 loco
760 723 931 769 versari,
961 724 1165 774 regionem
1184 720 1351 771 aliquam
1366 720 1572 771 possidere
1592 728 1706 771 atque
1724 720 1766 757 in
1784 732 1833 756 ea

264 783 340 823 huc
358 782 501 822 illucve
519 795 651 822 meare
672 796 716 823 ac
737 796 923 821 remeare.
959 785 1026 822 Ex
1044 782 1183 835 quibus
1203 782 1398 830 omnibus,
1431 795 1530 833 quae
1548 779 1679 820 verbi‘s
1695 783 1830 822 inesse

265 844 507 884 ostendimus
534 845 660 895 signis
693 852 806 895 atque
832 845 985 883 indiciis
997 873 1008 892 ,
1043 847 1097 885 ita
1125 844 1413 884 concludimus:
1465 846 1507 882 in
1540 842 1661 881 verbo
1697 844 1831 882 colere

254 905 491 958 praevalere
522 908 721 944 notionem
745 908 875 958 operis
901 920 947 946 ao
971 905 1141 952 laboris;
1176 909 1349 946 incolere
1378 918 1452 944 nos
1485 906 1697 944 admonere
1722 905 1829 944 sedis

253 969 381 1015 fixae
398 971 571 1005 terminis
591 969 784 1006 limitatae
791 982 804 1012 ,-
833 970 999 1007 formam
1015 970 1352 1020 frequentationis,
1385 981 1460 1018 qua
1485 965 1658 1005 notabile
1679 975 1742 1004 est
1758 979 1829 1007 vo-

264 1028 446 1069 cabulum
471 1028 675 1078 habetare,
712 1029 912 1069 hominum
929 1032 1108 1082 inprimis
1127 1032 1352 1073 societatem
1372 1044 1417 1069 ao
1440 1030 1714 1069 commercium
1733 1037 1826 1068 ante

263 1091 400 1131 oculos
416 1104 461 1129 ac
478 1100 646 1130 mentem
663 1105 823 1142 ponere.

384 1153 565 1204 Sequitur
592 1154 747 1192 tertium
773 1154 966 1205 quoddam
990 1153 1171 1193 lectionis
1197 1155 1537 1205 impedimentum,
1570 1166 1625 1192 ex
1648 1152 1826 1192 codicum

239 1231 241 1233 ·
263 1223 377 1265 atque
397 1214 586 1252 librorum
603 1216 794 1254 editorum
811 1216 994 1253 dissensu
1011 1215 1148 1254 lectori
1166 1216 1352 1254 ulteriora
1367 1217 1516 1266 petenti
1536 1213 1750 1261 obiectum,
1781 1216 1826 1253 in

261 1274 392 1312 verbis
410 1290 443 1312 c.
464 1279 504 1312 2.
525 1288 659 1325 parva
687 1284 802 1325 atque
821 1276 1042 1328 deformia,
1070 1275 1144 1323 ⁵ubi
1165 1276 1327 1314 alteram
1360 1289 1476 1327 quam
1493 1276 1604 1313 codd.
1626 1280 1826 1315 ostentant

262 1336 485 1384 lectionem,
506 1350 654 1388 prava,
673 1339 878 1388 praeferre
894 1336 994 1376 nihil
1011 1336 1183 1390 ambigo.
1245 1338 1303 1377 Ac
1320 1352 1370 1377 ne
1388 1339 1474 1389 quis
1492 1337 1644 1384 eredat,
1677 1349 1751 1374 nos
1768 1334 1826 1373 le-

264 1399 433 1437 ctionem
452 1411 506 1436 ex
527 1397 624 1437 solo
631 1400 920 1437 contradicendi
937 1400 1087 1450 pruritu
1099 1401 1342 1451 impugnare,
1369 1412 1487 1450 quum
1503 1411 1602 1449 quae
1625 1398 1827 1444 deformia

236 1451 238 1453 ‚
263 1459 508 1511 appellentur
519 1487 531 1508 ,
566 1460 703 1500 eadem
720 1462 838 1498 etiam
848 1473 984 1512 prava
1001 1460 1219 1508 habeantur
1236 1474 1398 1500 necesse
1415 1462 1466 1498 sit
1477 1488 1489 1507 ,
1539 1468 1676 1498 contra
1688 1472 1826 1510 parva

263 1521 408 1573 ubique
427 1517 604 1560 locorum
616 1534 639 1560 a
650 1520 826 1573 turpibus
844 1522 1029 1576 adspectu
1040 1523 1338 1575 distinguantur,
1359 1535 1458 1574 quae
1468 1509 1584 1562 nobis
1602 1522 1652 1560 ad
1666 1533 1827 1559 manum

263 1591 355 1622 sunt
372 1584 594 1630 adiumenta
614 1593 728 1638 atque
745 1585 941 1636 praesidia
958 1585 1096 1625 ordine
1103 1586 1267 1637 prodire
1283 1584 1478 1629 iubemus.
1506 1582 1640 1635 Itaque
1658 1584 1827 1634 primum

262 1644 557 1684 auctoritatibus
582 1658 701 1696 agere
728 1645 866 1693 liceat,
899 1654 1025 1697 atque
1036 1646 1217 1696 exempla
1236 1660 1437 1699 promere,
1467 1644 1607 1696 quibus
1636 1643 1686 1685 ab
1705 1643 1827 1682 simili

262 1706 469 1753 verborum
486 1712 532 1745 ac
551 1709 752 1746 notionum
761 1707 1035 1759 coniunctione
1055 1709 1222 1758 optimos
1244 1709 1452 1757 scriptores
1471 1719 1551 1743 non
1571 1698 1824 1749 abhorruisse

262 1770 558 1822 demonstretur.
585 1767 714 1807 Huius
733 1769 890 1820 generis
906 1776 1009 1820 sunt,
1028 1781 1127 1819 quae
1144 1769 1245 1819 apud
1256 1767 1486 1806 Ciceronem
1505 1766 1692 1818 leguntur
1709 1765 1820 1807 Orat.

262 1829 296 1878 I,
310 1834 382 1879 34,
404 1833 504 1868 156.
534 1828 755 1877 „Intuendi
774 1828 889 1869 nobis
908 1837 999 1873 sunt
1016 1842 1094 1867 nou
1114 1829 1241 1868 solum
1263 1838 1459 1876 oratores,
1488 1828 1557 1867 sed
1578 1829 1696 1866 etiam
1717 1835 1822 1870 acto-

262 1905 347 1940 res,
379 1905 429 1930 ne
447 1891 552 1930 mala
570 1892 847 1932 consuetudine
864 1891 914 1930 ad
931 1890 1101 1942 aliquam
1119 1892 1408 1938 deformilatem
1421 1894 1736 1941 pravatatemque
1754 1899 1822 1927 ve,

262 1956 429 1994 niamus.
439 1957 466 1977 ‘⁶
517 1953 652 1992 Addas
675 1966 820 2005 quaeso
841 1952 1006 2001 alterum
1025 1954 1200 1993 eiusdem
1218 1954 1386 1991 auctoris
1406 1950 1550 1989 dictum
1571 1951 1619 1987 de
1638 1950 1767 2002 Legg.
1787 1949 1820 1999 Ι,

268 2021 338 2066 19,
364 2019 433 2056 51.
461 2014 560 2063 „An
580 2016 751 2067 corporis
768 2019 1033 2067 pravitates,
1046 2016 1081 2053 si
1099 2023 1212 2057 erunt
1229 2016 1505 2066 perinsignes,
1529 2001 1731 2050 habebunt
1749 2011 1822 2050 ali-

264 2079 356 2129 quid
376 2078 632 2124 offensionis,
668 2078 789 2115 animi
802 2077 1042 2123 deformitas
1060 2088 1140 2113 non
1155 2075 1339 2113 habehim
1351 2079 1379 2099 ‘⁶
1419 2074 1494 2112 Cui
1512 2075 1729 2127 comparari
1752 2085 1823 2124 po-

264 2148 340 2180 test
353 2139 564 2179 Livianum
584 2138 680 2178 illud
690 2136 781 2186 IX,
793 2141 873 2177 30.
899 2138 1164 2189 deformampn.
1178 2138 1353 2176 ordinem
1367 2149 1502 2188 prava
1515 2134 1684 2174 lectione
1706 2148 1823 2173 sena-

263 2210 340 2241 tus.
375 2200 501 2253 Atque
520 2199 626 2239 haud
644 2199 843 2248 absimlis,
872 2212 1106 2251 quamquam
1126 2198 1353 2238 sublimiore
1374 2211 1494 2241 sensu
1512 2197 1738 2248 accipienda
1754 2197 1819 2243 sit,

262 2262 471 2302 verborum
499 2271 559 2300 est
584 2264 683 2301 ratio
712 2262 813 2313 aqud
831 2259 1136 2312 Xenophontem
1163 2261 1304 2312 Cyrop.
1323 2260 1362 2307 1,
1375 2265 1425 2307 2,
1450 2263 1490 2297 3.
1520 2259 1698 2310 πονηροῦ
1713 2272 1821 2303 τινος

262 2322 288 2376 ἡ
309 2322 479 2377 αἰσχροῦ
493 2323 610 2378 ἔργου
627 2322 830 2380 ἑφιεσθαι.
851 2324 1081 2377 praesertim
1105 2337 1224 2375 quum
1241 2323 1385 2378 dudum
1402 2320 1452 2362 ab
1479 2318 1693 2372 editoribus
1705 2348 1717 2369 ‚
1736 2320 1821 2371 qni

261 2386 494 2430 vocabulum
521 2400 656 2438 prava
685 2390 940 2437 sospitareut,
983 2394 1236 2440 provocatum
1250 2387 1301 2424 sit
1318 2379 1369 2423 ad
1390 2384 1509 2426 alium
1527 2382 1629 2434 apud
1651 2379 1821 2427 eundern

259 2452 487 2502 scriptorem
501 2448 631 2498 locum
649 2449 808 2488 obvium
827 2447 978 2501 Cyl-op.
987 2447 1033 2497 I,
1040 2454 1082 2497 4,
1095 2453 1114 2490 1
1125 2453 1164 2489 9.
1184 2446 1351 2502 πονηροί
1367 2463 1410 2498 γε
1423 2440 1659 2503 φαινόμενοι
1676 2460 1743 2486 και
1760 2443 1825 2485 ἔπι

229 2540 235 2547 ·
256 2511 447 2568 ,πονηρῶν
470 2511 670 2568 ἱππαρίων
696 2508 877 2566 ἄγουσιν
886 2511 1010 2568 ἡμῶν
1019 2507 1070 2553 τὰ
1100 2505 1308 2612 χρήμαέα.
1366 2504 1556 2565 Πονηρὸν
1580 2520 1676 2562 ergo
1696 2518 1827 2561 pravo

1296 2578 1319 2614 2
