2150 3138
1048 222 1106 262 22

294 346 414 391 atque
434 336 585 376 duabus
618 348 714 387 quas
743 342 927 384 tanquam
948 332 1105 374 vinculo
1126 332 1370 384 colligaverit
1390 333 1717 377 notionibus‘non
1736 345 1870 387 parem

294 401 537 454 significatus
566 399 796 450 dignitatem
826 397 1039 446 impertire.
1097 394 1199 433 Nam
1228 396 1320 433 dum
1338 392 1487 432 Caesar
1503 394 1550 433 Β.
1570 396 1617 433 G.
1637 397 1679 445 1,
1704 397 1777 435 32.
1803 396 1869 435 ko-

292 469 448 516 :pilium
486 471 601 512 atque
628 463 837 498 amicitiam
869 467 1169 504 commemorat,
1206 456 1271 495 vel
1299 458 1467 507 gratiam
1496 464 1614 508 alque
1641 460 1867 507 amicitiam,

293 542 326 567 c.
349 529 420 565 35.
438 524 503 563 vel
517 525 689 563 furorem
710 528 825 570 atque
844 521 1070 566 amentiam,
1103 534 1135 558 c.
1155 522 1228 557 40.
1249 518 1313 557 vel
1331 520 1521 569 pudorem
1542 526 1662 571 atque
1681 518 1865 567 officium,

294 592 411 629 0040.
423 596 524 626 extr.
542 584 604 624 vel
619 585 746 623 socios
763 588 880 632 utque
900 583 1059 628 amicos,
1079 595 1111 619 c.
1123 584 1195 619 43.
1214 593 1346 619 nonne
1365 583 1399 619 si
1415 583 1506 619 viva
1524 595 1620 620 voce
1638 581 1865 634 loquentem

292 651 495 701 fingimus,
506 645 737 686 vocabulum
755 644 983 695 prioreloco
1002 642 1235 681 collocatum
1253 656 1340 681 cum
1359 645 1508 681 acriore
1529 645 1650 682 animi
1664 645 1865 683 auiuentis

291 712 509 750 intentione
530 717 568 746 et
588 710 734 746 maiore
753 708 862 745 vonis
881 705 1064 751 elatione,
1094 704 1143 743 ab
1162 714 1298 743 orante
1320 706 1619 756 pronunciatum
1639 704 1863 745 eredimus?

292 773 446 812 Deinde
466 771 568 821 quod
577 781 753 808 caussam
770 770 873 805 inter
883 775 996 817 atque
1016 768 1197 815 effectum
1208 768 1422 805 intercedat
1439 769 1662 816 discrimen,
1686 769 1777 820 quin
1789 766 1865 806 hoc

292 835 411 880 idem,
440 830 624 882 exemplo
647 832 703 869 uti
723 829 855 877 liceat,
884 831 986 867 inter
1002 833 1180 878 gratiam
1202 842 1357 880 quoque
1378 838 1492 880 atque
1512 835 1726 869 amicitiam
1744 832 1865 868 inter·

293 898 357 943 sit,
391 894 611 934 dubitemus
622 892 637 929 ’ζ
671 890 812 930 Nonne
830 904 945 943 quem
964 891 1150 929 interiore
1171 891 1343 929 amicitia
1362 892 1524 942 dignum
1546 894 1745 940 aestimes,
1774 904 1865 931 eum

294 965 408 996 antea
429 963 580 1007 gratum
602 961 716 1005 atque
737 961 936 1005 acceptum
954 952 1141 990 habuisse
1161 951 1339 1003 oporteti
1363 952 1415 991 Et
1432 966 1547 1004 quem
1567 955 1610 992 in
1637 952 1766 1002 officio
1782 965 1865 992 ma-

295 1032 387 1056 nere
408 1020 586 1063 dicimus,
608 1029 702 1052 num
716 1029 804 1052 eum
825 1016 982 1067 pudore
1000 1023 1165 1053 exutum
1184 1028 1229 1053 ac
1248 1027 1410 1068 prorsus
1431 1016 1658 1056 destitutum
1677 1014 1866 1069 cogitabi-

292 1082 403 1120 mus?
430 1080 535 1123 Quin
553 1082 673 1115 immo
692 1080 880 1129 pudorem
893 1091 997 1125 esse,
1018 1080 1084 1130 qui
1096 1078 1144 1115 ad
1157 1077 1285 1116 officia
1304 1079 1496 1119 servanda
1515 1078 1693 1129 impellat
1712 1086 1751 1120 et
1767 1079 1865 1118 inci·

291 1153 368 1190 tet,
397 1143 642 1192 experientia
660 1141 856 1179 docemur.
874 1135 935 1190 ι4)
989 1139 1125 1190 ltaque
1144 1142 1262 1178 etiam
1282 1153 1352 1190 pro
1371 1149 1476 1178 certo
1495 1140 1701 1186 habemus,
1727 1140 1865 1186 ἀρίαν·

290 1210 462 1244 mitatem
490 1215 568 1241 non
590 1210 669 1240 tam
689 1202 922 1252 praecedere
939 1216 1055 1253 quam
1072 1199 1257 1252 subsequi
1278 1207 1544 1252 prave‘ltelem;
1584 1216 1638 1240 ex
1660 1204 1738 1240 ista
1755 1213 1863 1247 veto,

292 1279 408 1320 quam
445 1265 594 1316 opinati
639 1272 729 1305 sunt
766 1265 940 1315 corporis
978 1264 1195 1314 exiguitate
1232 1262 1297 1302 vel
1339 1272 1510 1302 staturae
1549 1263 1739 1302 brevitate
1785 1264 1866 1302 for-

293 1340 382 1367 mae
412 1327 690 1377 turpitudinem
716 1325 824 1364 nullo
852 1325 969 1364 modo
998 1326 1139 1363 coniici
1164 1323 1307 1366 debere
1331 1338 1403 1364 nec
1420 1338 1551 1376 posse.
1614 1323 1746 1370 Quare
1766 1336 1865 1376 qnae

295 1397 468 1440 tempore
495 1389 713 1438 cogitantur
724 1393 890 1438 priora,
930 1400 1103 1438 quaeque
1122 1388 1164 1424 in
1191 1400 1351 1425 sensum
1370 1389 1592 1426 animumve
1609 1389 1719 1439 prius
1738 1388 1867 1428 incur·-

295 1460 409 1498 runt,
437 1465 486 1487 ea
511 1452 554 1488 in
590 1450 778 1487 orationis
805 1463 957 1500 quoque
983 1448 1047 1486 vel
1070 1451 1232 1487 minima
1253 1458 1383 1499 parte,
1415 1450 1541 1501 qualis
1561 1458 1620 1488 est
1640 1452 1716 1487 ista
1740 1448 1866 1499 Syno-

298 1524 565 1563 nymorum,s.
593 1511 768 1549 eiusdem
790 1513 874 1550 fere
893 1510 1136 1561 significatus
1154 1510 1431 1549 vocabulorum
1452 1513 1696 1559 coniunctio,
1734 1512 1866 1562 priore

298 1575 387 1614 loco
412 1587 560 1624 ponere
587 1572 649 1610 fas
671 1581 751 1617 est;
788 1581 921 1612 contra
954 1586 1053 1623 quae
1082 1572 1211 1623 aliquo
1239 1572 1289 1610 ab
1309 1573 1627 1612 antecedentibus
1657 1572 1866 1614 intervallo

299 1649 419 1675 sensu
445 1634 510 1673 vel
531 1642 659 1674 mente
684 1625 967 1685 percipiantur,
1005 1647 1052 1671 ea
1078 1636 1194 1672 etiam
1220 1636 1261 1671 in
1283 1635 1433 1672 orando
1459 1637 1716 1685 posteriorem
1733 1633 1866 1676 locum

296 1704 485 1748 occupent
506 1708 668 1733 necesse
689 1703 761 1733 est.
823 1693 908 1733 Stet
926 1696 1045 1745 igitur
1063 1697 1258 1734 sententia
1277 1696 1325 1746 de
1344 1695 1524 1734 lectionis
1545 1698 1791 1749 integritate,
1826 1707 1867 1736 et

273 1765 285 1776 ‘
287 1773 422 1811 prava
440 1761 614 1796 iumenta
635 1770 658 1794 a
677 1754 848 1795 Caesare
867 1758 970 1795 diota
988 1770 1077 1795 esse
1097 1766 1212 1808 atque
1237 1750 1459 1804 deformia,
1489 1758 1695 1797 nobiscum
1713 1759 1780 1811 qui
1799 1759 1867 1797 ad·

293 1821 368 1859 huc
396 1821 509 1858 aliter
537 1820 762 1863 statuerint,
803 1818 877 1856 hac
899 1827 1034 1856 nostra
1062 1820 1325 1869 disputatione
1344 1821 1386 1856 in
1405 1829 1563 1858 nostras
1580 1830 1712 1872 partes
1736 1820 1866 1858 tradu-

294 1892 405 1931 ctos,
439 1893 701 1921 consensuros
721 1892 809 1920 esse
828 1893 1044 1932 speramus.

415 1945 563 1982 Verum
594 1943 657 1981 hic
678 1942 969 1981 subsistendum
988 1951 1071 1987 est;
1103 1943 1262 1982 modum
1284 1945 1390 1981 enim
1409 1942 1526 1982 nobis
1543 1946 1793 1984 constitutum
1813 1958 1865 1983 ne

292 2011 371 2045 iam
392 2007 610 2043 excessisse
629 2005 845 2051 videamur,
873 2007 1069 2044 timemus.
1129 2003 1257 2049 Quam
1280 2003 1331 2042 ob
1348 2018 1543 2060 caussam,
1576 2015 1615 2045 et
1632 2007 1735 2061 quod
1755 2005 1867 2045 brevi

293 2069 342 2106 ad
371 2067 490 2106 finem
518 2079 583 2104 res
601 2066 760 2116 perduci
779 2080 859 2105 non
881 2075 1034 2118 potest,
1067 2068 1158 2117 quid
1180 2068 1228 2109 de
1246 2068 1323 2112 ista
1349 2065 1619 2120 Oudendorpii
1644 2070 1867 2111 coniectura

294 2144 327 2168 c.
362 2134 402 2167 2.
425 2132 692 2179 imper-larmir
720 2129 960 2177 iudicemus,
1002 2142 1116 2181 quam
1135 2127 1185 2167 ab
1202 2127 1350 2168 Heldio
1368 2137 1407 2171 et
1425 2124 1661 2182 Kreyssigio
1681 2140 1867 2182 tanquam

295 2190 440 2229 bonam
468 2198 506 2228 et
533 2191 743 2241 genuinam
761 2190 926 2232 Caesari
948 2191 1141 2230 redditam
1169 2191 1341 2229 vidimus
1366 2190 1600 2243 lectionem,
1630 2206 1655 2230 a
1675 2183 1867 2243 qua'vero

290 2252 502 2291 'Daehnius
534 2253 751 2290 auctoritati
774 2253 937 2291 editoris
953 2251 1094 2291 Batavi
1123 2250 1300 2300 diffisus,
1326 2253 1490 2303 provide
1508 2252 1717 2305 abstinuit,
1747 2254 1797 2292 de
1820 2266 1869 2292 eo

294 2315 372 2352 alia
389 2313 544 2352 dicendi
564 2315 677 2365 copia
694 2316 816 2364 facta,
850 2327 1109 2366 exponemus.
1170 2313 1302 2352 Pauca
1328 2316 1449 2366 igitur
1475 2316 1523 2354 de
1553 2314 1749 2357 nobismet
1773 2318 1872 2367 ipsis

382 2416 440 2459 14)
456 2397 534 2450 -Cfn
558 2416 701 2455 1,iv.11‚
727 2416 783 2448 10.
805 2419 862 2449 tin.
875 2417 985 2459 pudor
1006 2416 1132 2449 deinde
1149 2419 1335 2449 commovit
1360 2419 1481 2451 aciem.
1498 2419 1567 2450 Cic.
1583 2419 1627 2450 de
1640 2419 1717 2449 Fin.
1737 2417 1788 2455 11,
1813 2415 1874 2451 34.

294 2478 341 2500 m.
366 2470 458 2499 inest
481 2468 683 2500 moderator
698 2469 895 2509 cupiditatis
906 2469 1026 2510 pudor.
1049 2486 1096 2499 -,-’
1108 2469 1209 2515 Atqui
1226 2466 1395 2510 cupiditas
1413 2475 1485 2511 est,
1511 2480 1599 2512 quae
1617 2470 1745 2506 multos
1765 2467 1809 2503 ab
1826 2467 1874 2502 of-

293 2520 371 2551 ticio
387 2519 531 2550 colendo
557 2523 696 2551 avertat
716 2524 818 2565 atque
833 2520 990 2554 deducat.
1035 2519 1104 2553 Cfr.
1123 2517 1226 2554 Tusc-
1240 2519 1283 2559 ΙΙ,
1306 2520 1368 2553 21.
1729 2518 1733 2522 ’
