2150 3138
1055 252 1113 294 21

300 369 399 409 locis
419 364 649 407 confirmare
666 366 820 406 inutilis
845 376 907 407 est
923 366 1094 415 laboris,
1122 382 1240 419 quum
1258 371 1353 408 satis
1377 379 1416 408 et
1442 370 1595 408 abunde
1612 383 1711 421 quae
1737 372 1778 408 id
1794 372 1863 407 de*

300 437 519 469 monstrent
538 437 752 468 occurrant.
767 425 831 480 12)
875 429 1022 469 Verum
1041 431 1083 467 in
1104 443 1148 467 re
1166 429 1356 470 tralaticia
1377 433 1613 471 monendum
1633 431 1780 483 aliquid
1800 445 1865 470 su·

300 500 445 544 petest,
477 494 578 544 quod
597 501 641 530 ut
664 506 713 529 ne
732 494 916 530 reticeam
933 493 1022 542 ipsa
1036 505 1151 544 quam
1171 492 1302 531 adhuc
1319 496 1385 547 egi
1401 508 1553 541 caussa,
1582 494 1770 532 hortatur.
1818 493 1865 532 Id

301 567 441 607 nempe
461 554 558 594 mihi
575 556 822 607 perspexisse
840 555 994 604 videor,
1023 553 1251 606 particulam
1270 562 1398 608 atque,
1426 556 1644 609 ubicunque
1663 570 1685 594 a
1702 558 1866 607 scripto-

301 617 433 665 ribus,
461 620 527 668 qui
557 622 708 668 copiam
728 630 810 655 cum
828 618 974 656 iudicio
994 616 1069 655 sibi
1091 619 1325 668 paraverint,
1354 618 1532 658 adhibita
1550 621 1612 665 sit,
1646 632 1724 656 non
1746 620 1864 658 modo

302 682 489 732 aequalia
518 678 583 718 vel
609 681 753 718 similla
784 683 1027 728 consociare,
1062 683 1117 719 ita
1135 690 1178 719 ut
1195 684 1281 732 pari
1306 684 1507 735 dignitatis
1528 683 1652 734 gradu
1673 682 1865 720 collocata

301 744 527 789 videantur,
560 742 630 779 sed
659 755 756 793 quae
777 743 830 779 vi·
845 755 889 779 ac
916 751 1107 793 potestate
1128 743 1372 794 praevaleat,
1400 759 1487 783 eam
1507 747 1632 797 primo
1650 744 1737 783 loco
1757 746 1864 796 posi·

301 815 382 845 tam
409 818 498 843 esse
524 817 685 848 vocem3
721 804 1003 855 significatione
1026 807 1274 854 inferiorem,
1291 815 1294 819 '
1313 816 1416 846 certe
1441 809 1698 858 posteriorem
1725 806 1862 845 altero.

305 866 417 912 Quae
445 866 600 917 quidem
630 866 886 913 disserentes,
925 880 974 904 ne
1000 869 1041 904 in
1073 866 1256 919 ambiguo
1277 870 1327 906 sit
1355 870 1403 907 de
1425 870 1620 907 sententia
1639 877 1773 907 nostra
1792 868 1863 906 ho-

303 932 454 969 minum
478 929 678 967 doctorum
699 927 919 977 arbitrium,
952 929 993 967 id
1011 932 1185 968 maxime
1203 932 1493 980 contendimus,
1535 941 1578 970 ut
1601 945 1715 982 quam
1729 938 1862 981 poste-

304 997 449 1031 riorem
467 990 746 1042 appellavimus
766 992 977 1038 notionem,
1010 991 1205 1042 exemplis
1225 992 1476 1032 illustremus.
1540 991 1671 1038 Quare
1690 993 1761 1031 vix
1785 993 1863 1032 dici

301 1051 452 1106 potest,
488 1062 672 1104 quantum
695 1052 809 1091 nobis
830 1056 1003 1091 arriserit
1026 1054 1126 1091 hanc
1142 1066 1224 1092 rem
1243 1058 1372 1093 animo
1392 1056 1863 1106 ponderantibus‘summi

303 1128 349 1156 ac
373 1116 699 1175 praestantissimi
717 1114 815 1154 bene
837 1116 991 1154 dicendi
1008 1117 1206 1167 magistri,
1236 1115 1540 1162 Quinctiliauum
1561 1118 1648 1156 dico
1663 1146 1674 1165 ,
1703 1130 1863 1168 praece-

301 1189 409 1231 ptum
422 1207 433 1226 ,
462 1192 541 1216 non
560 1177 687 1215 solum
703 1181 864 1216 nomina
879 1179 965 1228 ipsa
979 1191 1109 1220 rerum
1128 1182 1313 1229 cognosci
1331 1179 1487 1227 debere,
1515 1181 1583 1217 sed
1603 1181 1665 1217 cui
1684 1179 1861 1230 quodque

302 1238 390 1280 loco
410 1242 460 1278 sit
483 1234 825 1291 aptissimum313)
844 1251 983 1290 porro:
1010 1240 1222 1278 curandum
1241 1254 1341 1288 esse,
1360 1254 1404 1280 ut
1424 1253 1503 1279 non
1523 1240 1651 1279 solum
1669 1241 1862 1292 quomodo

303 1311 518 1349 occurrant,
542 1302 613 1340 sed
631 1304 748 1340 etiam
759 1301 952 1352 quomodo
972 1309 1137 1351 oportet,
1158 1301 1290 1341 verbis
1310 1312 1475 1341 utamur.
1494 1302 1621 1353 Atque
1639 1302 1732 1353 legi,
1746 1315 1862 1353 quam

302 1365 460 1404 sibimet
490 1365 680 1401 dederunt
714 1362 923 1401 clarissimi
955 1364 1129 1401 omnium
1158 1372 1328 1402 aetatum
1364 1378 1409 1403 ac
1448 1366 1623 1416 gentium
1641 1366 1863 1415 scriptoreS,

302 1427 515 1466 Caesarem
542 1439 693 1476 quoque
723 1424 943 1463 obnoxium
967 1438 1010 1461 se
1046 1426 1218 1463 sensisse
1233 1454 1245 1472 ,
1280 1428 1405 1476 ipsius
1424 1427 1472 1463 de
1490 1426 1603 1465 Bello
1626 1424 1727 1462 Gall.
1749 1424 1866 1462 Com·

302 1489 505 1534 mental-ii,
537 1486 749 1524 dummodo
774 1488 947 1524 animum
976 1486 1212 1534 adverteris,
1245 1486 1454 1525 declarant.
1530 1485 1661 1531 Quare
1701 1499 1750 1524 ne
1779 1487 1866 1537 quis

302 1550 412 1589 nullo
448 1551 673 1587 discrimine
698 1550 801 1586 facto
837 1556 876 1586 et
904 1548 1168 1598 imprudenter
1186 1547 1235 1585 ab
1265 1558 1419 1587 auctore
1439 1549 1625 1586 confusas
1646 1560 1690 1585 ac
1710 1560 1869 1598 permu-

301 1621 403 1652 tatas
433 1620 592 1650 censeat
615 1609 825 1660 particulas
855 1609 1018 1660 copulae
1044 1611 1164 1647 vicem
1187 1612 1446 1657 sustinentes,
1477 1608 1612 1660 quales
1634 1618 1726 1647 sunt
1750 1616 1867 1659 atque

301 1688 367 1721 ac,
387 1680 447 1717 et,
476 1685 571 1721 que,·
607 1684 769 1721 quarum
790 1672 1114 1721 quaeunicuique
1130 1670 1364 1709 vindicanda
1383 1674 1434 1708 sit
1449 1670 1658 1720 peculiaris
1675 1679 1864 1719 potestas,

299 1748 417 1788 quum
443 1732 636 1771 uberioris
666 1733 717 1770 sit
744 1732 1049 1783 disquisitionis,
1098 1729 1177 1768 alio
1201 1730 1288 1770 loco
1316 1740 1356 1770 et
1378 1740 1551 1782 tempore
1576 1730 1747 1770 Caesare
1766 1731 1863 1769 duce

300 1796 505 1835 enucleare
527 1793 766 1832 conabimur.
824 1792 869 1830 Id
887 1806 967 1830 uno
992 1794 1087 1829 satis
1106 1794 1157 1830 sit
1176 1793 1359 1843 exemplo
1387 1795 1599 1839 muniisse,
1632 1792 1862 1843 particulam

385 1929 445 1968 12)
468 1928 519 1958 En
543 1935 654 1967 pauca
678 1935 721 1957 ex
742 1925 874 1964 multis,
904 1933 991 1966 quae
1015 1924 1049 1953 in
1070 1924 1242 1964 procinctu
1262 1926 1357 1954 sunt:
1381 1925 1448 1956 Cic.
1468 1925 1569 1955 Tusc.
1587 1925 1611 1962 l,
1640 1926 1697 1955 27.
1720 1922 1860 1954 mixtum

297 1985 400 2023 atque
415 1984 617 2015 concretum‚·
637 1995 677 2001 —-
689 1982 805 2008 natum
818 1981 921 2017 atque
930 1975 1067 2017 ficuum·
1089 1980 1211 2006 nalum
1227 1979 1329 2015 atque
1346 1974 1394 2005 vis
1410 1977 1525 2006 animi.
1546 1976 1684 2007 Sallust.
1703 1976 1776 2007 Cat.
1788 1976 1863 2011 1,4.

290 2031 393 2075 fluxa
409 2035 512 2070 atque
520 2028 676 2071 fragilis.
706 2028 754 2065 ΙΙ,
776 2027 810 2059 3.
830 2036 948 2068 regum
970 2031 1073 2067 atque
1087 2062 1092 2065 ,
1105 2025 1349 2065 imperatorum.
1377 2031 1413 2056 et
1434 2028 1468 2056 in
1491 2027 1586 2056 cuius
1609 2036 1674 2057 usu
1696 2027 1762 2057 sibi
1779 2026 1856 2058 fere

298 2085 440 2115 nimium
459 2082 519 2112 dat
536 2081 675 2117 Livius,
705 2078 892 2118 particulae
910 2079 950 2108 ae
968 2077 1111 2108 eandem
1137 2077 1210 2107 fere
1227 2079 1295 2107 vim
1311 2077 1499 2107 obtinentis
1517 2076 1747 2117 significatum
1765 2077 1864 2108 exhi-

298 2135 382 2166 bent
398 2133 484 2171 loci,
508 2132 628 2173 quales
647 2130 810 2171 leguntur
827 2128 903 2159 Lir.
919 2128 985 2166 vl,
1012 2127 1070 2160 23.
1092 2128 1153 2159 24.
1180 2127 1227 2175 V,
1250 2128 1285 2158 2.
1302 2128 1336 2159 6.
1356 2129 1410 2160 10.
1430 2128 1485 2161 13.
1502 2128 1575 2161 21..

382 2184 448 2225 13)
480 2184 595 2215 Verba
620 2186 701 2212 sunt
735 2180 956 2218 Quinctiliani
981 2175 1146 2211 lnstitutt.'
1166 2176 1221 2215 X,
1239 2179 1270 2216 1,
1294 2176 1334 2211 ’8.’
1359 2179 1415 2209 ubi
1445 2181 1561 2210 nescio
1584 2179 1706 2220 quibus
1731 2178 1863 2209 caussis

297 2237 419 2273 ductus
438 2233 665 2267 Frotscherus
687 2233 883 2270 lectionem,
906 2238 1005 2273 quam
1028 2231 1347 2262 ecdicessummae
1364 2231 1581 2261 auctoritatis
1605 2231 1806 2261 'l'uricensis
1831 2233 1867 2261 et

295 2289 518 2321 Florentinus
551 2286 713 2317 unanimo
735 2283 901 2315 exhibent
921 2292 1113 2322 consensu,
1150 2283 1332 2324 amplexus
1344 2291 1411 2313 non
1433 2283 1498 2320 sit,
1528 2283 1557 2312 si
1592 2281 1728 2323 quidem
1755 2290 1865 2321 paene

271 2368 275 2370 s
297 2349 341 2375 ex
364 2339 511 2384 'singulis
536 2338 715 2368 literarum
740 2336 860 2368 formis
886 2335 1011 2369 haecce
1036 2336 1264 2379 constituatur
1288 2335 1408 2366 lectio:
1452 2334 1515 2366 sed
1538 2333 1628 2376 quod
1651 2341 1774 2372 quoqne
1801 2330 1867 2364 locu·

297 2393 345 2423 sit
357 2391 585 2433 aptissimum.
606 2407 646 2412 —-
669 2389 767 2418 Hanc
784 2397 866 2419 vero
883 2388 1065 2419 lectionem
1082 2387 1306 2419 vehementer
1322 2386 1573 2422 commendari,
1606 2389 1677 2415 tum
1695 2384 1866 2415 communi

295 2445 501 2487 scriptorum
530 2441 731 2472 Latinorum
757 2450 821 2472 usu
844 2439 920 2479 (cfr.
941 2438 1132 2471 Ramshorn
1157 2449 1190 2480 p.
1215 2439 1302 2478 197,
1325 2439 1373 2477 2.)
1404 2442 1475 2470 tum
1501 2437 1667 2478 singulari
1689 2446 1791 2477 quam
1808 2435 1865 2467 hic

297 2497 492 2536 exprimere
517 2494 668 2525 voluerit
694 2493 833 2525 notione
862 2492 1132 2531 quinctilianus,
1164 2491 1229 2523 hoc
1251 2491 1326 2523 loco
1350 2490 1540 2529 adnotare,
1568 2488 1660 2519 haud
1677 2488 1829 2519 alienum
1846 2496 1867 2520 a

298 2548 444 2579 consilio
459 2547 618 2578 iudicavi.
