2150 3138
1034 208 1063 251 4
1106 236 1110 239 ,

274 333 424 385 passim
453 328 684 375 nonnullos,
735 324 971 364 difficiliores
1002 326 1084 364 fere
1115 338 1160 363 ac
1193 324 1454 366 morosiores,
1493 321 1685 359 exaudies
1718 321 1841 358 incre-

273 389 412 446 pantes
450 394 490 429 in
519 394 635 437 istos,
683 402 777 439 quos
809 387 1140 438 significavimus,
1184 385 1407 423 libellorum
1445 391 1649 429 auctores,
1693 384 1842 420 centies

275 457 439 505 repetita
473 462 511 491 et
545 451 593 489 ab
622 453 811 489 immenso
843 448 1045 486 hominum
1074 450 1290 487 criticorum
1319 458 1440 498 grege
1459 447 1501 482 in
1522 457 1681 482 censum
1705 452 1845 482 vocata

276 519 404 556 denuo
444 513 658 552 deliberare
705 526 750 550 ac
784 512 1021 560 disceptare,
1077 512 1306 559 praesertim
1344 521 1462 560 quum
1491 508 1582 556 quid
1613 519 1748 543 verum
1778 507 1843 552 sit,

278 593 327 617 ne
359 591 382 615 a
410 576 623 615 novissimo
654 574 804 624 quidem
833 574 1020 622 scriptore
1049 574 1132 609 erui
1160 571 1310 609 soleat?
1369 570 1542 616 Verum,
1582 582 1700 619 quum
1740 568 1844 619 quod
1900 569 1911 583 ⁸

278 641 382 679 idem
410 639 555 676 faciant
581 637 680 681 duo,
719 648 794 672 non
813 636 865 672 sit
879 634 1008 681 idem,
1038 642 1076 671 et
1095 635 1151 671 uti
1174 633 1353 670 eumdem
1374 645 1536 684 agrum,
1562 644 1677 683 quem
1697 630 1844 667 diversi

279 701 523 739 exercuerint
557 697 749 742 cultores,
797 696 974 732 diversos
1016 708 1168 744 quoque
1203 697 1351 733 fructus
1383 695 1557 743 proferre
1596 692 1844 741 experientia

279 761 482 805 docemur,
527 771 605 796 non
643 769 970 807 supervacaneam
1007 757 1229 806 suscepisse
1260 769 1419 807 operam
1450 755 1697 806 putavimus,
1750 753 1842 789 dum

278 835 376 873 quae
407 819 549 858 multos
576 832 645 870 per
672 830 794 856 annos
826 820 958 855 animo
986 830 1031 856 ac
1058 826 1188 856 mente
1218 818 1505 865 volutavimus,
1546 824 1583 854 et
1609 816 1674 868 qui
1703 813 1845 852 studiis

278 885 422 921 nostris
455 884 614 930 privatis
640 882 862 929 propositus
891 882 1011 917 suerit
1037 880 1152 926 finis,
1202 881 1265 916 vel
1291 879 1579 932 qualescunque
1607 880 1649 913 in
1684 888 1845 913 secessu

278 958 349 983 nos
378 944 637 981 recreaverint
664 955 805 991 operae
835 944 1038 991 impensae
1059 949 1294 991 proventus,
1322 953 1370 977 ea
1388 954 1464 992 qua
1480 941 1590 977 drcet
1612 938 1846 975 verecundia

277 1014 315 1045 et
342 1005 533 1043 modestia
560 1005 601 1041 in
629 1004 797 1042 medium
821 1002 944 1040 veluti
965 1016 1130 1054 agmen,
1159 1004 1199 1040 in
1219 1002 1447 1054 pulverem,
1481 1003 1522 1039 in
1541 1001 1750 1040 clamorem
1766 1027 1778 1047 ,
1803 1001 1845 1036 in

277 1075 405 1106 castra
439 1074 552 1117 atquc
584 1066 626 1102 in
654 1067 775 1104 aciem
809 1065 1010 1103 forensem
1035 1065 1199 1103 educere
1228 1066 1356 1104 visum
1388 1058 1509 1114 est.2)
1572 1061 1706 1101 Habet
1737 1062 1845 1100 enim

278 1136 411 1165 nostra
441 1140 590 1176 quoque
617 1136 726 1164 aetas
753 1129 881 1163 forum
909 1139 1045 1175 suum,
1083 1139 1270 1179 suamque
1297 1138 1412 1178 quam
1440 1124 1624 1165 Ciceroni
1646 1122 1846 1175 appellare

276 1190 391 1226 libuit
428 1191 607 1224 militiam
648 1190 930 1237 respondendi,
983 1189 1204 1235 scribendi,
1258 1189 1427 1225 cavendi
1433 1181 1496 1237 33)
1544 1188 1621 1223 cui
1649 1186 1767 1223 modo
1795 1195 1846 1222 ne

279 1251 381 1289 desit
404 1248 604 1286 urbanitas
630 1250 839 1286 videndum
860 1258 931 1286 est.
989 1248 1126 1300 Neque
1159 1252 1277 1287 etiam
1307 1262 1511 1295 veremur,
1545 1249 1583 1284 id
1606 1249 1708 1297 quod
1727 1258 1847 1296 saepe

279 1313 321 1348 in
353 1309 577 1348 hominibus
614 1311 755 1347 sactum
784 1324 872 1347 esse
901 1310 1094 1360 legimus,
1143 1313 1207 1361 qui
1239 1312 1330 1348 dum
1362 1310 1528 1346 aliorum
1556 1308 1723 1346 arbitros
1757 1319 1846 1345 esse

280 1374 495 1424 gestirent,
535 1370 692 1409 sibimet
715 1374 811 1422 ipsis
841 1373 981 1409 mirum
1011 1381 1196 1423 quantum
1227 1373 1501 1423 indulgerent,
1535 1384 1594 1408 ne
1622 1370 1671 1407 ab
1691 1383 1771 1408 uno
1794 1368 1850 1406 al-

283 1443 415 1472 terove
441 1432 794 1483 reprehendamur,
835 1433 938 1484 quod
965 1432 1111 1472 hancce
1139 1435 1270 1472 datam
1295 1435 1622 1485 opportunitatem
1643 1433 1690 1469 ad
1715 1444 1763 1469 ea
1780 1443 1850 1482 po-

284 1497 478 1534 tissimum
508 1496 636 1533 studia
662 1495 869 1533 recolenda
897 1494 1012 1533 nobis
1038 1498 1315 1543 sumserimus,
1346 1508 1508 1547 quorum
1535 1508 1658 1545 nuper
1679 1494 1850 1545 aliquam

284 1559 475 1595 rationem
506 1556 636 1606 palam
668 1557 829 1594 reddere
858 1558 987 1594 conati
1014 1570 1161 1595 sumus.
1222 1557 1373 1607 Nempe
1399 1560 1441 1595 in
1458 1558 1599 1593 animo
1627 1565 1708 1602 est,
1746 1555 1849 1605 quod

284 1618 350 1655 vel
368 1616 493 1654 libelli
524 1619 646 1654 nostri
673 1619 874 1666 inscriptio
907 1618 1105 1667 praedixit
1139 1620 1333 1664 futurum,
1366 1620 1408 1655 in
1427 1618 1536 1654 locos
1555 1616 1766 1654 nonnullos
1788 1629 1851 1653 ac-

283 1680 451 1717 curatius
470 1686 507 1715 et
517 1678 744 1729 diligentius
763 1679 957 1728 inquirere
969 1705 981 1725 ,
1012 1680 1076 1729 qui
1098 1680 1138 1716 iu
1160 1677 1344 1717 Caesaris
1363 1679 1412 1716 de
1428 1677 1541 1717 Bello
1560 1677 1713 1716 Gallico
1732 1676 1850 1716 Com-

280 1741 479 1778 mentariis
508 1738 571 1776 vel
601 1738 849 1776 librariorum
881 1739 1122 1790 negligentia
1152 1748 1195 1778 et*
1216 1742 1392 1787 inscitia,
1438 1741 1503 1778 vel
1533 1742 1709 1778 codicum
1738 1749 1776 1777 et
1802 1739 1850 1777 li-

279 1801 435 1839 brorum
469 1801 657 1838 editorum
681 1802 942 1838 inconstantia
970 1801 1238 1851 impeditiores
1264 1803 1534 1852 reperiuntur3
1576 1810 1689 1852 atque
1711 1803 1753 1838 in
1773 1801 1849 1838 hoc

278 1864 437 1914 negotio
469 1863 524 1899 ita
553 1863 706 1913 quidem
743 1861 1013 1910 versabimur,
1061 1872 1105 1901 ut
1130 1877 1244 1915 quam
1272 1865 1468 1915 proximis
1497 1864 1605 1902 hisce
1634 1865 1748 1901 annis
1781 1864 1851 1901 do-

276 1926 439 1963 ctissimi
458 1932 497 1961 et
516 1924 563 1961 de
588 1923 759 1962 Caesare
779 1926 925 1975 optime
943 1926 1145 1975 promeriti
1168 1925 1398 1974 Triumviri,
1430 1925 1613 1973 Heldius,
1641 1924 1848 1964 Daehnius

277 1995 316 2025 et
341 1986 599 2038 Kreyssigius
626 1989 778 2038 egerint
805 1996 885 2025 tum
917 1989 1037 2026 totius
1063 1990 1275 2036 orationis,
1309 1988 1463 2040 qualem
1488 1991 1651 2040 scriptor
1670 1987 1739 2026 ille
1762 1989 1850 2026 exi-

278 2051 380 2086 mius
402 2047 619 2095 exhibuit,
638 2058 720 2086 tum
752 2049 995 2100 singularum
1017 2063 1178 2099 vocum,
1207 2064 1307 2102 quae
1323 2042 1532 2102 leguntur,
1561 2063 1767 2088 censuram
1788 2062 1850 2087 re-

275 2119 507 2157 tractemus,
536 2124 661 2161 neque
679 2124 771 2148 vero
789 2113 1114 2162 perstringamus.
1178 2112 1376 2151 Abhorret
1394 2114 1498 2151 enim
1518 2115 1672 2150 animus
1692 2111 1741 2149 ab
1758 2113 1848 2159 ista,

277 2174 386 2211 cuius
405 2172 617 2211 identidem
641 2174 890 2221 incusantur,
920 2187 1045 2225 neque
1065 2176 1283 2221 immerito,
1314 2185 1473 2213 nostrae
1488 2177 1635 2213 aetatis
1654 2175 1849 2222 homines,

363 2327 405 2365 2)
432 2326 500 2360 Cfr.
529 2328 596 2361 Cic.
618 2327 661 2359 de
684 2328 778 2359 Orat.
798 2330 835 2367 1,
868 2327 938 2366 34,
966 2327 1046 2361 157.
1095 2328 1255 2360 Summus
1278 2329 1368 2361 euim
1391 2334 1509 2362 orator
1526 2331 1571 2362 ibi
1596 2342 1698 2374 porro
1723 2333 1851 2373 praeci-

279 2381 346 2419 pit:
387 2379 592 2410 Subeundus
624 2390 707 2409 usus
738 2381 906 2417 omnium,
950 2385 985 2410 et
1015 2381 1263 2420 periclitandae
1292 2383 1385 2413 vires
1413 2384 1563 2422 ingenii3
1613 2388 1648 2414 et
1679 2384 1738 2413 illa
1761 2388 1850 2414 com-v

280 2431 448 2460 mentatio
470 2430 601 2460 inclusa
622 2431 656 2460 in
672 2432 836 2461 veritatis
857 2431 968 2461 lucem
992 2431 1201 2471 proferenda
1220 2437 1285 2463 est.

367 2487 403 2530 3)
429 2488 525 2520 Orat.
547 2497 609 2530 pro
632 2488 779 2521 Murena
809 2499 837 2521 c.
860 2488 892 2520 9.
918 2490 963 2520 in.
