2150 3138
1045 215 1104 256 20

291 334 525 372 Latinorum
552 332 781 378 convenire,
810 330 894 368 sive
920 328 969 367 ad
995 342 1126 368 rerum
1153 342 1198 368 ac
1215 341 1423 380 corporum
1442 330 1613 379 speciem
1641 336 1859 378 externam,

294 399 380 436 sive
408 397 456 434 ad
483 395 655 433 indolem
682 403 794 444 atque
811 386 1014 442 ingenium
1033 394 1119 441 (cfr.
1140 392 1302 429 Sallust.
1321 390 1406 428 Cat.
1427 391 1479 436 V,
1504 392 1559 440 1.)
1586 394 1858 438 transferatur,

293 458 380 496 luce
400 456 542 495 clarius
563 463 642 499 est3
670 456 889 506 pariterque
908 449 1074 505 αἰσχρὸν
1094 462 1176 491 tum
1192 464 1367 503 corpore,
1392 459 1476 489 tum
1496 452 1627 489 animo
1654 460 1809 503 turpem
1826 465 1859 491 s.

294 522 508 558 deformem
529 520 734 564 denotare,
762 517 957 553 innumeri
976 515 1234 552 testificantur
1252 514 1344 561 loci,
1379 527 1425 551 ac
1440 513 1509 551 'vel
1526 515 1700 551 maxime
1722 513 1859 552 Cebet-

297 580 397 621 Tab.
410 579 483 620 IX.
502 580 570 618 ubi
592 575 763 626 δυςειὸὴς
784 585 1041 616 commutatur
1059 591 1146 616 cum
1169 573 1333 630 αι’σχρᾳῗ.
1366 574 1479 621 Quae
1499 590 1616 627 quum
1635 590 1658 614 a
1680 575 1796 615 nobis
1817 578 1860 615 in

296 647 522 683 universum
553 644 630 679 sint
661 642 876 692 disputata,
909 652 1026 691 porro
1047 640 1272 688 videamus,
1305 652 1381 692 quo
1398 637 1521 678 altero
1540 652 1664 691 eoque
1686 638 1861 678 firmiore

295 713 581 757 superstruatur
607 705 859 743 fundamento
889 704 1084 740 sententia
1111 711 1259 741 nostra.
1322 703 1481 741 Scilicet
1505 715 1623 754 aegre
1651 716 1697 740 eo
1727 703 1862 741 induci

292 782 410 819 posse
429 769 628 813 videmur,
655 775 697 803 ut
710 769 951 817 parvitatem
972 766 1054 802 sive
1073 767 1249 816 corporis
1267 767 1528 818 exiguitatem
1547 765 1736 816 impedire
1753 772 1863 816 pute-

292 844 405 878 mus,
438 831 645 880 quominus
673 831 845 865 iumenta
872 829 1130 878 gravissimos
1158 827 1317 866 labores
1346 828 1536 872 tolerent;
1575 840 1666 865 nam
1694 840 1793 878 quae
1819 828 1862 865 in

293 893 363 931 tali
379 894 535 941 negotio
554 889 854 940 comprobantur
871 889 1024 926 roboris
1045 898 1084 927 et
1103 891 1319 941 patientiae
1337 890 1472 938 dotes,
1500 890 1662 927 eaedem
1683 891 1800 928 etiam
1818 890 1861 927 iu

292 953 464 1007 parvulis
483 967 569 991 esse
589 962 755 1003 possunt
774 951 1024 1003 corporibus;
1058 954 1169 991 cuius
1199 954 1259 991 rei
1276 954 1355 1002 ipsi
1376 952 1545 990 Romani
1566 954 1601 989 si
1620 966 1755 990 eorum
1777 965 1862 991 cor-

291 1029 386 1067 pora
413 1028 500 1053 cum
530 1014 656 1051 Gallis
684 1027 916 1065 componere
946 1014 1068 1063 velis,
1099 1022 1159 1052 sat
1186 1014 1311 1053 multa
1338 1014 1545 1053 ediderunt
1564 1015 1781 1065 specimina
1800 1011 1862 1052 lu-

292 1079 457 1117 culenta.
520 1076 600 1115 Cfr.
614 1077 729 1115 Caes.
739 1076 842 1114 B.G.
857 1077 908 1124 II,
932 1081 1002 1114 30.
1022 1086 1123 1115 extr.
1139 1073 1152 1103 l
1166 1073 1201 1128 ¹)
1261 1077 1382 1128 Atqui
1407 1077 1506 1114 illud
1527 1079 1656 1127 ipsum
1676 1086 1861 1127 tanquam

292 1140 530 1193 singularem
549 1147 586 1177 et
602 1138 820 1178 mirabilem
840 1140 1135 1179 exercitationis
1154 1147 1385 1191 proventum
1404 1148 1680 1178 commemorat
1699 1137 1859 1186 Caesar,

291 1204 395 1255 quod
416 1204 465 1240 ad
476 1215 648 1240 summos
666 1201 821 1240 labores
841 1203 1092 1240 sustinendos
1112 1204 1208 1240 satis
1230 1202 1422 1240 valuerint
1439 1201 1657 1239 Suevorum
1674 1202 1862 1239 iumenta.

292 1264 431 1317 Neque
458 1273 591 1302 tamen
618 1278 705 1303 cum
724 1264 870 1303 Vossio
890 1266 1056 1312 faciam,
1089 1266 1155 1316 qui
1166 1278 1335 1316 pravum
1352 1266 1471 1302 etiam
1490 1264 1547 1302 ad
1565 1277 1671 1302 usum
1689 1268 1861 1315 ineptum

294 1340 382 1365 esse
401 1327 624 1371 contendit3
650 1328 693 1364 in
711 1340 758 1364 eo
780 1328 885 1365 enim
905 1327 1063 1364 modum
1083 1340 1132 1364 ne
1152 1328 1392 1374 excesserit,
1425 1327 1638 1364 verendum
1659 1334 1731 1363 est.
1781 1324 1862 1362 Sed

295 1402 414 1440 quum
435 1401 587 1439 pravus
605 1390 760 1439 proprie
781 1390 983 1439 oppositus
1008 1390 1059 1427 sit
1076 1395 1201 1434 recle,
1232 1402 1424 1441 quaenam
1440 1387 1633 1427 vocabulo
1652 1386 1862 1427 tribuenda

297 1453 348 1488 sit
370 1448 514 1509 uetito,
552 1464 669 1500 quum
696 1452 869 1488 iumenta
889 1464 1023 1500 prava
1042 1452 1228 1497 dicimus,
1265 1464 1346 1488 non
1372 1450 1486 1488 valde
1517 1452 1560 1487 in
1595 1449 1761 1487 obscuro
1789 1457 1862 1486 est.

297 1511 602 1563 Complectimur
629 1511 703 1550 hac
731 1526 824 1551 voce
853 1520 935 1550 tum
962 1518 1144 1551 staturae
1177 1512 1428 1559 brevitatem,
1492 1520 1574 1549 tum
1606 1525 1704 1562 quae
1744 1524 1862 1562 aegre

295 1575 420 1612 fertur
447 1574 489 1610 in
518 1575 726 1621 armentis,
764 1578 925 1612 maciem
951 1578 1148 1624 corporae,
1182 1574 1240 1611 ad
1275 1580 1423 1612 terram
1443 1577 1708 1623 pronitatem,
1743 1585 1862 1623 quum

295 1647 483 1686 equorum
514 1636 693 1684 inprimis
727 1634 889 1672 excelsa
922 1644 1037 1685 atque
1075 1633 1234 1671 sublimi
1260 1635 1497 1673 delectemur
1532 1633 1684 1685 figura,
1745 1642 1861 1684 atque

291 1698 418 1746 ipsam
444 1704 605 1732 naturae
633 1697 818 1733 ferociam
839 1703 878 1732 et
909 1696 1203 1745 intemperiem,
1235 1709 1310 1745 qua
1330 1695 1395 1741 fit,
1428 1703 1472 1732 ut
1491 1696 1650 1732 nonnisi
1677 1694 1800 1733 multa
1820 1703 1861 1733 et

288 1756 411 1809 longa
438 1757 719 1795 exercitatione
754 1756 1017 1795 mansuefiant
1053 1758 1221 1808 usuique
1256 1757 1458 1795 hominum
1499 1758 1852 1796 accommodentur.

289 1819 343 1857 At
364 1819 507 1869 pedum
534 1826 572 1856 et
591 1832 744 1856 crurum
770 1828 984 1866 tumorem,
1013 1832 1131 1869 quum
1152 1820 1412 1870 gracilitatem
1433 1820 1475 1856 in
1495 1817 1611 1857 laude
1630 1818 1859 1866 habeamus,

288 1879 461 1918 membra
482 1881 659 1928 distorta,
678 1879 792 1917 iubas
816 1882 1046 1932 promissas,
1064 1880 1245 1919 villosam
1262 1882 1419 1932 pellem,
1444 1893 1563 1931 quum
1586 1881 1720 1918 nitidis
1740 1894 1786 1919 ac
1802 1880 1860 1919 le-

288 1942 403 1980 vibus
428 1942 520 1993 pilis
547 1944 588 1979 in
621 1943 771 1981 deliciis
803 1942 1021 1981 habeantur
1048 1944 1160 1994 equi,
1192 1953 1308 1995 atque
1325 1945 1445 1983 totius
1464 1942 1624 1980 habitus
1643 1943 1802 1982 foedam
1820 1951 1860 1982 et

288 2006 511 2043 indecoram
538 2006 678 2042 faciem
698 2007 746 2042 ad
764 2007 1050 2043 deformitatem
1074 2007 1292 2044 referimus.
1357 2004 1495 2056 Neque
1514 2003 1702 2043 absumus
1724 2004 1773 2042 ab
1790 2006 1857 2053 iis,

289 2068 354 2117 qui
384 2068 513 2117 potius
538 2065 787 2104 librariorum
814 2067 983 2118 aliquem
1018 2068 1060 2104 in
1088 2080 1184 2105 voce
1204 2081 1339 2118 prava
1369 2067 1585 2105 offendisse
1615 2068 1858 2113 existiment,

289 2141 403 2177 quam
422 2130 462 2164 in
479 2127 668 2165 vocabulo
685 2136 762 2166 tam
780 2130 871 2167 trito
891 2137 1045 2179 tamque
1063 2128 1241 2180 vulgari,
1280 2128 1394 2181 quale
1409 2137 1469 2167 est
1480 2142 1629 2179 parva.
1687 2127 1858 2177 Deinde,

291 2202 358 2227 eur
376 2190 479 2226 enim
500 2190 644 2240 pudeat
665 2204 761 2240 quae
781 2192 822 2228 in
843 2192 1018 2228 omnium
1038 2204 1105 2228 ore
1124 2200 1216 2229 sunt
1235 2199 1459 2236 retractare,
1483 2190 1692 2227 dummodo
1707 2191 1756 2228 ad
1774 2203 1858 2229 rem

287 2251 455 2297 faciant,
490 2252 576 2301 quis
596 2258 655 2289 est
678 2253 742 2302 qui
780 2254 959 2303 ignoret,
991 2252 1172 2290 voculam
1199 2259 1318 2302 alque
1335 2252 1543 2302 praecipue
1571 2264 1619 2288 eo
1649 2252 1856 2300 inservire,

287 2321 330 2350 ut
346 2313 523 2350 eiusdem
543 2313 784 2364 significatus
803 2313 925 2353 verba
944 2314 1175 2352 connectat?
1208 2313 1333 2352 Cuius
1353 2315 1413 2351 rei
1430 2314 1664 2351 documenta
1684 2314 1856 2365 singulis

372 2459 433 2501 11)
456 2460 659 2492 Adsentitur
676 2459 773 2491 nobis
795 2439 916 2491 Livius
938 2460 975 2491 in
998 2469 1040 2492 eo
1057 2459 1147 2502 quod
1162 2459 1205 2491 de
1221 2459 1330 2491 Gallis
1346 2460 1472 2491 iudicio
1488 2460 1570 2491 tulit
1582 2460 1697 2497 v,44.
1714 2463 1863 2500 gentem

286 2513 378 2544 enim
394 2514 564 2553 appellat,
589 2513 641 2543 cui
664 2516 787 2544 natura
803 2522 945 2552 corpora
961 2514 1164 2554 animosque
1186 2520 1310 2553 magna
1329 2513 1440 2553 magis
1462 2521 1563 2553 quam
1577 2510 1685 2554 firma
1708 2512 1861 2546 dederit*-
