2150 3138
1052 225 1112 267 24

294 358 397 386 muS.
456 341 568 388 Quae
584 350 628 379 ut
645 340 861 391 frequentia
878 340 1024 379 Vestra
1046 340 1309 378 condecorare
1328 339 1480 386 velitis,
1517 338 1604 377 Vos
1624 338 1875 392 Inspectores

297 408 502 458 Gymnasii
524 417 673 442 summe
693 403 909 450 reverendi,
938 404 1105 440 civitatis
1126 410 1284 439 nostrae
1306 401 1510 447 proceres,
1538 404 1792 453 omniumque
1816 415 1879 439 or-

296 471 431 508 dinum
463 467 664 506 literarum
692 463 882 502 bonarum
919 465 1135 516 artiumque
1166 473 1386 511 amatores,
1435 461 1788 502 observantissime
1821 467 1879 502 in-

298 535 440 570 vitatos
458 529 653 567 habeatis.

417 651 674 691 Sollemnium
703 657 1047 696 veromandorum
1074 649 1137 687 hic
1158 651 1232 687 erit
1248 650 1367 697 ordo,
1397 657 1442 686 ut
1464 650 1591 699 primo
1611 648 1700 686 loco
1716 649 1881 699 prodeat

297 717 450 754 iuvenis
482 713 608 750 bonae
639 713 724 761 spei
754 718 791 748 et
810 709 957 748 indolis
972 738 984 758 ‚
1018 723 1134 762 quem
1157 724 1357 764 nunquam
1377 713 1505 749 avitae
1525 709 1677 763 gloriae
1698 719 1736 748 et
1752 710 1881 749 laudis

297 780 565 815 immemorem
589 775 674 812 fore
696 785 898 823 speramus

420 857 518 894 Fsso
529 869 555 893 n
568 868 590 891 ο
604 866 665 891 uu
676 866 694 890 s
719 853 749 890 P
764 865 890 890 LA'rx
905 867 928 890 ε
939 866 986 900 u,
1002 864 1004 866 ·
1027 851 1149 891 verba
1168 855 1343 892 facturus
1367 854 1417 892 de
1440 854 1618 892 ludorum
1640 858 1881 892 scenicorum

299 924 337 958 e‘u
356 931 479 956 mores
500 922 763 967 spectatorum
788 918 831 963 vj
846 920 889 953 et
908 913 1104 963 efficacia.

414 997 513 1034 Eum
534 997 706 1046 excipiet
737 995 767 1033 F
778 1008 802 1032 n
813 1008 837 1032 A
848 1009 871 1032 x
884 1010 905 1034 c
918 1009 930 1032 1
942 1009 960 1033 s
973 1010 995 1034 c
1007 1008 1033 1033 ι’
1045 1009 1064 1034 s
1092 995 1193 1034 H1n
1205 1008 1230 1033 'r
1242 1024 1254 1044 ‚
1289 998 1351 1034 cui
1371 997 1458 1047 ipsa
1486 996 1704 1033 studiorum
1727 1004 1880 1033 nostro-

297 1073 381 1097 rum
410 1060 508 1096 ratio
538 1058 639 1095 hauc
675 1059 924 1108 potissimum
952 1060 1195 1109 provinciam
1224 1058 1331 1096 dedit
1348 1086 1361 1106 ,
1412 1066 1455 1095 ut
1488 1058 1627 1096 laudes
1667 1058 1747 1097 ΤιἸι·
1772 1057 1885 1096 Livia·

300 1134 479 1159 sermone
500 1121 644 1157 Latino
676 1120 887 1170 praedicet.

422 1191 614 1251 Sequetur
642 1201 777 1237 tertius
817 1199 1122 1238 RchARnUS
1154 1199 1403 1248 Limnen,
1444 1202 1614 1239 carmine
1645 1199 1879 1238 Germanico

293 1264 519 1314 primordia
548 1275 679 1299 rernm
706 1268 822 1312 alque
848 1275 1011 1300 mtream
1037 1265 1254 1311 pre'morum
1283 1261 1472 1300 homimem
1499 1268 1692 1307 aetatem,
1735 1260 1881 1299 ovidio

301 1326 421 1372 duce,
450 1324 730 1374 descripturus.

430 1403 596 1442 Claudet
631 1417 774 1455 agmen
799 1403 833 1441 G
845 1415 872 1440 U
883 1416 901 1440 s
912 1416 937 1440 'r
950 1415 1041 1440 Αιί]
1055 1416 1073 1440 s
1101 1403 1157 1442 W
1171 1417 1195 1441 E
1207 1416 1230 1441 n
1241 1417 1265 1441 t:
1277 1417 1303 1441 u
1314 1431 1325 1450 ‚
1367 1405 1546 1442 oratione
1573 1406 1785 1445 vernacula
1810 1420 1882 1445 ex-

304 1468 503 1518 positurus
515 1494 526 1513 ‚
553 1465 644 1517 quid
666 1467 738 1513 sit,
759 1465 924 1517 publica
942 1469 1186 1512 ‘inuitatione
1204 1478 1313 1503 mem
1332 1478 1429 1504 ene.

424 1557 502 1596 His
520 1559 650 1606 itaque
669 1555 879 1594 iuvenibus
894 1583 906 1602 ‚
932 1554 1046 1593 nobis
1068 1557 1277 1592 admodum
1303 1565 1385 1593 tum
1412 1556 1694 1597 moribus·tum
1719 1561 1882 1611 ingenio

307 1618 590 1669 comprobatis,
622 1615 806 1654 omnibus
827 1617 981 1668 quidem
1005 1630 1058 1665 ⁴ex
1079 1625 1211 1654 nostra
1234 1619 1389 1654 civitate
1409 1619 1607 1664 oriundis,
1640 1628 1683 1657 ut
1693 1633 1883 1671 ‚praesen-

305 1684 358 1719 tia
380 1680 523 1718 Vestra
549 1677 706 1729 aliquod
735 1678 776 1715 in
801 1678 960 1728 optimis
981 1676 1107 1715 literis
1128 1676 1341 1716 collocatae
1363 1692 1505 1729 operae
1528 1679 1622 1717 dare
1648 1685 1882 1732 praemium,

303 1752 417 1795 atque
447 1755 493 1778 ea
524 1753 600 1792 qua
631 1739 767 1777 soletis
796 1739 1041 1790 indulgentia
1067 1740 1115 1778 ad
1137 1739 1277 1778 altiora
1298 1741 1466 1791 petenda
1495 1742 1604 1793 ipsos
1624 1745 1799 1784 excitare
1818 1760 1883 1785 ve-

303 1805 405 1850 litis,
441 1805 560 1840 enixe
594 1814 795 1852 rogamus.

423 1882 505 1920 Ser.
535 1881 681 1926 Gerae,
704 1881 807 1918 Kal.
831 1880 986 1920 Ianuar.
1015 1879 1400 1923 MDCCCXXVIII·
