2150 3138
1035 267 1089 307 17

273 385 315 421 in
336 383 474 434 primis
504 384 543 421 in
576 389 707 421 mente
736 380 917 420 habuerit
943 389 1101 429 auctor,
1131 381 1288 431 Ldiserto
1318 374 1512 419 vocabulo
1538 381 1749 419 enunciare
1780 376 1845 420 de·

275 444 409 484 baisse
428 446 721 484 contendamus.
752 445 881 495 Atque
899 445 964 483 hic
983 445 1085 482 idern
1101 447 1167 482 est'
1183 443 1264 490 ille,
1283 444 1399 495 quem
1420 439 1622 494 superiore
1641 443 1729 482 loco
1743 457 1846 482 com-

273 509 573 545 memoravimus
598 508 795 557 scriptoris
815 508 938 544 nostri
957 518 1057 554 mos,
1086 513 1130 543 ut
1151 506 1192 543 in
1210 503 1341 554 rebus,
1377 517 1476 555 quae
1493 513 1680 556 gerantur
1698 518 1845 557 quaeve

272 578 479 619 parentur,
512 568 659 606 nnllam
685 570 845 606 omnino
873 564 1031 615 lectori,
1062 567 1153 618 quid
1188 566 1265 605 sibi
1285 568 1532 617 potissimum
1560 566 1749 614 voluerit,
1778 568 1847 605 du-

273 629 503 669 bitationem
529 629 741 681 relinquat3
774 630 889 680 idque
916 630 1111 681 quomodo
1131 627 1330 667 'efficiatur
1357 627 1481 666 multa
1500 641 1623 680 eaque
1646 623 1846 668 luculenta

274 694 317 730 in
349 695 485 745 quavis
519 690 896 730 Commentariorum
934 690 1097 743 plagula
1132 700 1309 742 prostant
1342 690 1540 741 exempla.
1559 685 1618 741 ι0)
1689 690 1845 729 Deinde

275 757 436 793 omnino
471 767 662 805 negamus
693 752 905 792 Caesarem
933 753 1054 792 verba
1080 755 1211 793 facere
1238 753 1412 792 voluisse
1448 755 1497 792 de
1531 766 1634 803 agro
1665 755 1843 801 colendo,

274 818 415 868 quippe
445 818 511 867 qui
537 818 617 853 iam
649 824 764 853 antea
789 816 903 866 plura
931 815 1005 854 hac
1031 816 1079 853 de
1097 829 1141 853 re
1161 817 1399 854 disseruerit.
1463 813 1569 859 Quid
1590 816 1695 853 enim
1714 824 1775 854 est
1796 815 1844 853 il-

273 878 354 925 lud,
377 879 478 930 quod
498 880 698 927 superiore
720 877 806 916 loco
827 877 991 929 legitur:
1025 877 1180 930 Reliqui
1201 880 1267 929 qui
1288 879 1394 915 domi
1413 879 1642 924 manserint,
1662 890 1706 915 se
1728 888 1843 930 atque

274 940 366 978 illos
385 941 518 987 alunt,
548 941 645 977 nisi:
676 940 738 978 rel
762 953 858 992 agro
886 941 1129 988 exercendo,
1162 939 1476 992 sementibusque
1498 940 1694 978 faciundis
1715 953 1760 980 ac
1781 953 1843 979 re-

273 1002 381 1053 liqua
405 1004 507 1040 circa
533 1015 616 1039 rem
645 1004 937 1040 frumentariam
958 1016 1071 1049 cura,
1099 1003 1148 1040 ad
1168 1004 1311 1040 victum
1331 999 1553 1040 necessaria
1572 1011 1727 1053 cogunt.
1790 1003 1843 1041 Et

273 1063 376 1115 quod
400 1063 710 1101 valentissimum
739 1065 955 1101 sententiae
989 1072 1146 1102 nostrae
1182 1063 1404 1102 habendum
1452 1073 1513 1102 est
1552 1072 1840 1116 argumentum,

275 1138 430 1166 omnem
449 1119 519 1163 'rei
547 1128 836 1176 expositionem
867 1125 1036 1163 absolvit
1055 1139 1099 1163 ac
1114 1127 1364 1175 disputationi
1383 1126 1504 1164 veluti
1519 1128 1727 1164 terminum
1748 1139 1842 1165 con-

275 1188 398 1225 stituit
426 1187 578 1225 dicens:
618 1192 814 1238 etcneque
832 1187 1085 1237 agricultura
1109 1200 1180 1225 nec
1196 1184 1295 1225 ratio
1314 1186 1411 1225 belli
1428 1188 1706 1226 intermittitur.
1769 1185 1841 1227 Uti

275 1263 368 1287 vero
395 1249 444 1285 ab
470 1263 588 1299 opere
604 1252 775 1298 perfecto
796 1249 845 1285 ad
865 1249 1052 1294 alterum,
1079 1250 1181 1298 quod
1199 1243 1341 1296 restat,
1371 1251 1538 1285 transire
1558 1245 1752 1296 solemus,
1787 1253 1841 1287 ita

275 1308 325 1347 ab
354 1322 434 1347 una
459 1311 650 1348 sententia
680 1311 887 1348 enunciata
902 1310 951 1347 ad
971 1308 1132 1347 alteram
1152 1322 1292 1348 novam
1312 1309 1460 1348 scilicet
1482 1319 1520 1347 et
1540 1311 1734 1348 diversam
1755 1324 1841 1348 ora-

275 1373 330 1409 tio
358 1372 613 1422 progreditur.
675 1371 755 1409 Sed
782 1372 965 1422 quoniam
993 1384 1176 1422 agrorum
1206 1371 1404 1418 culturae,
1442 1385 1540 1422 quae
1568 1373 1671 1422 apud
1688 1372 1841 1409 Suevos

275 1445 356 1470 non
384 1445 545 1485 prorsus
574 1431 818 1483 negligatur,
861 1433 1098 1470 mentionem
1124 1434 1291 1480 fecerat,
1331 1441 1520 1484 quatenus
1546 1434 1588 1470 in
1619 1432 1694 1472 hoc
1723 1428 1843 1484 opere

275 1494 527 1533 exercitando
565 1506 589 1530 a
620 1495 759 1532 ceteris
795 1492 951 1544 populis
986 1494 1181 1532 diversam
1216 1502 1468 1545 sequerentur
1505 1495 1842 1543 consuetudinem,

279 1556 498 1593 addendum
531 1563 626 1592 erat.
692 1553 823 1600 Quare
853 1555 907 1592 ita
935 1557 1065 1608 pergit
1094 1556 1278 1607 scriptor,
1305 1564 1348 1594 ut
1368 1568 1523 1594 omnem
1546 1557 1720 1595 omnium
1739 1561 1844 1596 com·

275 1624 433 1656 munem
467 1631 650 1669 agrorum
675 1618 970 1669 possessionem
996 1619 1097 1669 apud
1118 1631 1188 1656 eos
1207 1619 1331 1657 fuisse
1355 1627 1530 1666 enarret,
1561 1612 1686 1670 neque
1707 1622 1843 1671 singu-

272 1679 324 1717 lis
342 1681 519 1729 proprios
539 1680 712 1717 addictos
731 1682 828 1729 qno's
847 1678 978 1716 colant
995 1678 1160 1728 agellos,
1185 1681 1306 1717 immo
1327 1692 1376 1716 ne
1395 1678 1539 1717 diutius
1558 1682 1713 1730 quidem
1734 1695 1839 1717 anno

275 1752 354 1778 uno
371 1741 413 1777 in
431 1738 518 1778 loco
536 1740 748 1778 consistere
767 1738 864 1791 ipsis
882 1736 1030 1777 licitum
1049 1739 1187 1777 fuisse.
1223 1738 1389 1778 Constat
1402 1741 1534 1793 igitur,
1558 1741 1636 1779 nisi
1652 1735 1838 1794 opinione

274 1804 458 1853 deceptus
475 1804 629 1848 fuerim,
654 1802 795 1839 haecce
817 1803 1037 1838 enunciatio
1055 1800 1205 1839 duabus
1223 1801 1399 1851 partibus
1418 1816 1489 1839 seu
1505 1802 1714 1849 membris,
1744 1817 1839 1854 quo·

273 1876 361 1903 rum
392 1863 564 1901 anterius
593 1863 679 1914 agri
708 1860 861 1902 colendi
884 1864 1176 1913 possessionem
1203 1870 1346 1901 certam
1377 1870 1416 1901 et
1447 1863 1583 1914 cuique
1622 1865 1834 1915 propriam,

274 1928 468 1976 posterius
502 1925 740 1963 domicilium
766 1937 811 1960 ac
839 1924 994 1970 sedem,
1026 1924 1091 1960 vel
1119 1923 1397 1963 habitationem
1432 1933 1592 1974 spectat.
1653 1925 1835 1977 Denique

274 2000 390 2040 quam
419 1985 568 2025 absona
596 1998 787 2038 quamque
816 1986 939 2037 turpis
966 1985 1144 2025 eiusdem
1169 1987 1385 2025 sententiae
1411 1987 1566 2025 iteratio
1588 1986 1686 2026 haec
1709 1988 1832 2027 foret:

274 2050 381 2100 Ager
405 2049 560 2099 quidem
588 2049 762 2084 omnium
791 2048 1008 2084 communis
1041 2055 1123 2094 est,
1164 2047 1333 2099 ideoque
1356 2049 1572 2085 communis
1599 2050 1775 2087 omnium
1792 2051 1835 2087 in

274 2124 322 2150 eo
348 2110 511 2150 colendo
536 2108 670 2154 labor3
711 2122 835 2163 neque
863 2122 955 2148 vero
981 2107 1084 2147 ultra
1109 2111 1202 2147 anni
1226 2111 1393 2160 spatium
1412 2111 1454 2146 in
1473 2111 1610 2148 eodem
1625 2110 1715 2148 loco
1731 2124 1837 2149 com-

274 2173 506 2213 morari-fas
533 2179 594 2210 est
620 2175 718 2223 agri
740 2171 898 2211 colendi
922 2183 1074 2211 causta.
1112 2193 1174 2201 --
1207 2170 1310 2211 Nam
1333 2179 1427 2223 quot
1455 2184 1582 2211 annos
1616 2171 1758 2225 aliquis
1793 2174 1836 2211 in

361 2294 421 2337 10)
445 2295 552 2327 Velut
565 2293 606 2332 B.
625 2292 667 2324 G.
683 2292 749 2330 Vl,
775 2291 831 2324 13.
851 2296 940 2324 extr.
963 2315 985 2331 ‚‚
993 2292 1059 2330 Qui
1075 2292 1277 2334 diligentius
1294 2302 1369 2325 eam
1388 2302 1460 2324 rem
1479 2302 1690 2333 cognoscere
1699 2294 1837 2329 -volunt,

272 2349 472 2390 plerumque
487 2347 547 2378 illo
562 2344 706 2376 discendi
722 2354 839 2375 cauata
852 2346 1121 2385 proficiscuntur.
1131 2349 1152 2364 “
1174 2354 1202 2375 c.
1210 2345 1269 2375 29.
1279 2354 1321 2375 m.
1331 2345 1592 2385 praesid'mm—
1604 2344 1714 2385 pontio
1727 2344 1840 2377 tuendi

274 2407 392 2430 cauum
405 2398 509 2439 ponit.
531 2395 610 2439 (cfr.
625 2396 706 2434 vll,
737 2395 791 2427 13.
806 2399 864 2435 m.)
885 2395 1103 2435 vt‚13.ad
1125 2394 1187 2426 hos
1213 2405 1356 2437 magnus
1378 2396 1649 2427 adolescentium
1674 2404 1840 2446 numerus

274 2443 466 2491 discipliuae
489 2457 607 2480 canna
630 2447 812 2479 concurrit.
856 2447 950 2486 Quos
969 2446 1106 2495 quidem
1132 2446 1245 2485 locos,
1276 2448 1305 2478 si
1331 2456 1419 2488 quae
1444 2448 1623 2478 literarum
1650 2442 1741 2478 notis
1760 2447 1839 2478 insi-

275 2504 372 2543 gnita
392 2507 428 2535 et
450 2502 613 2533 distincta
636 2498 786 2530 scribere
808 2498 909 2531 libuit
926 2499 1052 2537 verba,
1088 2497 1269 2538 abessent,
1304 2499 1361 2531 vel
1383 2500 1476 2533 nulla
1493 2501 1648 2537 omnino,
1679 2502 1774 2531 certe
1791 2498 1838 2529 le-

275 2554 373 2586 viore
389 2553 599 2586 obscuritate
622 2551 801 2589 laborare,
824 2560 923 2584 nemo
939 2561 1008 2584 non
1023 2551 1141 2583 sentit.

1304 2613 1335 2651 C
