2150 3138
270 769 426 851 Quam
463 795 575 832 multi
607 803 697 833 ante
738 806 809 832 nos
841 796 944 833 viam
974 796 1141 845 ingressi
1176 802 1266 833 sunt
1292 793 1514 834 scholarum
1544 797 1745 848 magistri,
1791 804 1833 833 ut

265 868 515 906 quaecunque
543 865 758 895 memoratu
785 855 848 901 vel
875 858 973 894 scitu
999 857 1178 907 digniora
1205 857 1419 895 domestica
1441 858 1554 908 quasi
1572 865 1611 905 et
1631 856 1834 896 umbratili

264 919 480 969 agitassent
505 919 786 957 exercitatione
804 946 816 966 ,
850 930 898 955 ea
926 918 1029 955 iusta
1053 919 1259 957 occasione
1286 919 1399 965 data,
1426 920 1467 956 in
1498 919 1670 957 medium
1688 918 1831 969 produ-

265 989 417 1027 cerent,
458 988 572 1031 atque
602 979 795 1018 subtiliori
823 981 995 1018 virorum
1013 980 1215 1019 doctorum
1237 981 1412 1019 examini
1433 979 1693 1028 subiicerent,
1724 994 1831 1019 eam·

265 1042 353 1080 dem
379 1040 476 1080 mihi
500 1055 651 1093 quoque
676 1041 831 1093 publice
857 1044 937 1080 iam
965 1041 1084 1081 verba
1109 1043 1283 1089 facturo,
1327 1054 1381 1080 ex
1410 1041 1588 1092 pluribus
1613 1042 1762 1094 eligere
1783 1043 1830 1081 li-

263 1112 359 1147 ceat.
424 1100 642 1150 Nimirum,
677 1104 725 1141 de
752 1115 828 1155 quo
854 1105 956 1141 inter
978 1115 1117 1141 omnes
1142 1104 1222 1141 iam
1255 1103 1398 1141 dudum
1428 1107 1635 1151 convenit,
1676 1114 1719 1143 ut
1745 1105 1830 1142 ido-

265 1178 380 1203 neam
407 1163 484 1203 sibi
509 1166 671 1216 quisque
697 1173 736 1202 et
764 1165 1016 1209 commodam,
1039 1164 1235 1202 scribendi
1261 1174 1390 1204 sumat
1410 1167 1635 1212 materiem,
1666 1167 1705 1203 id
1727 1179 1829 1204 nunc

263 1227 419 1277 quidem
445 1227 636 1264 omissum
662 1226 877 1273 faciamus,
912 1238 961 1264 ne
985 1227 1027 1263 in
1055 1224 1173 1264 rebus
1201 1225 1301 1263 tritis
1327 1226 1453 1277 atque
1470 1224 1700 1266 indubitatis
1719 1227 1830 1265 multi

264 1291 400 1326 sunus.
461 1287 513 1325 At
530 1300 644 1335 vero,
682 1301 874 1340 quaenam
898 1289 949 1326 sit
973 1287 1115 1325 idonea
1136 1296 1175 1325 et
1201 1287 1407 1325 commoda
1425 1287 1649 1338 disputandi
1666 1288 1731 1327 vel
1752 1290 1831 1327 dis-

264 1350 421 1388 serendi
447 1350 652 1396 materies,
690 1351 826 1402 quaeri
853 1363 971 1401 quum
999 1351 1143 1400 possit,
1189 1362 1382 1401 quumque
1408 1350 1518 1399 ipsae
1550 1348 1830 1388 vocabulorum

253 1408 445 1456 notiones
471 1410 681 1463 ambiguae
714 1412 920 1450 videantur
945 1420 1058 1463 atque
1087 1424 1158 1462 pro
1177 1413 1363 1462 cuiusque
1382 1410 1543 1449 arbitrio
1565 1411 1628 1450 vel
1647 1412 1831 1450 relaxen-

263 1484 326 1514 tur
342 1473 408 1512 vel
434 1475 747 1526 restringantur,
791 1474 878 1525 quis
911 1481 973 1512 est
997 1474 1063 1524 qui
1087 1481 1226 1524 neget,
1259 1486 1307 1511 ea
1325 1473 1375 1512 de
1393 1486 1436 1513 re
1454 1474 1600 1523 optime
1624 1474 1828 1525 disputari,

262 1550 361 1587 quae
390 1549 507 1586 quum
536 1536 586 1574 ad
614 1544 834 1582 auctorem,
866 1543 948 1574 tum
978 1534 1028 1573 ad
1057 1547 1217 1582 omnes,
1254 1533 1482 1586 quibuscum
1511 1536 1727 1574 studiorum
1762 1550 1831 1574 no—

262 1596 324 1637 bis
352 1598 404 1636 sit
428 1595 559 1647 aliqua
586 1594 851 1645 communio,f,
869 1607 991 1648 aeque
1016 1597 1100 1636 sere
1126 1597 1332 1648 pertineat.
1397 1594 1512 1641 Quod
1533 1609 1649 1649 quum
1670 1607 1829 1637 eonten-

261 1660 410 1704 dimuS‚
441 1671 525 1696 rem
553 1659 716 1709 ipsam,
736 1659 786 1695 de
815 1670 891 1708 qua
914 1665 1076 1708 agatur,
1111 1669 1184 1694 nos
1214 1656 1314 1694 bene
1335 1657 1479 1694 callere
1496 1666 1611 1709 atque
1632 1671 1686 1696 ex
1705 1660 1826 1710 pluri-

261 1723 357 1766 mis,
387 1721 542 1757 etiamsi
567 1731 643 1756 non
682 1717 731 1757 ab
746 1742 749 1744 -
764 1717 946 1761 omuibus
971 1726 1214 1767 perspectam
1244 1727 1283 1754 et
1309 1719 1507 1768 cognitam
1537 1718 1825 1770 haberevparti-

259 1782 356 1828 buS,
395 1794 466 1831 pro
495 1790 599 1818 certo
637 1781 843 1830 ponimus,
875 1811 880 1816 .
908 1781 951 1816 in
984 1792 1107 1828 eaque
1146 1788 1188 1817 ut
1216 1777 1457 1829 aliquantum
1484 1792 1627 1829 operae
1656 1794 1679 1817 a
1706 1781 1821 1819 nobis

261 1842 492 1880 collocatum
528 1844 602 1888 sit,
650 1841 753 1879 haud
787 1842 932 1878 iniuste
967 1840 1124 1891 requiri.
1186 1837 1325 1889 Neque
1362 1848 1516 1886 tamen,
1573 1844 1820 1891 quantumvis

261 1903 425 1943 multum
453 1917 497 1942 ac
523 1903 590 1941 diu
619 1901 950 1943 elaboraverimus
968 1902 1010 1940 in
1029 1899 1159 1952 aliqua
1182 1908 1266 1939 arte
1290 1898 1354 1939 vel
1373 1899 1602 1952 disciplina,
1628 1902 1820 1956 singulari

261 1966 426 2016 quodam
452 1977 584 2002 amore
612 1965 739 2011 ducti,
770 1976 869 2014 quae
895 1962 1012 2001 nobis
1037 1964 1179 2005 mirum
1206 1963 1249 2000 in
1271 1961 1428 2002 modum
1447 1964 1670 2011 arriserint,
1702 1978 1820 2016 quae·

261 2040 334 2077 que
354 2035 546 2076 tanquam
572 2037 676 2063 nova
702 2034 741 2063 et
766 2024 942 2066 inaudita
956 2024 1159 2074 reperisse
1185 2024 1411 2073 opinemur,
1453 2024 1591 2062 eadem
1618 2024 1707 2063 aliis
1726 2040 1821 2077 quo-

260 2101 334 2140 que
371 2085 594 2125 hominibus
626 2084 928 2136 comprobatum,
951 2086 1023 2131 iri,
1076 2082 1272 2123 nobismet
1295 2084 1395 2135 ipsis
1432 2085 1669 2135 persuadere
1696 2087 1819 2126 decet.

258 2149 404 2189 Variae
427 2150 531 2187 enim
557 2156 647 2192 sunt
674 2147 739 2186 vel
765 2146 985 2199 vulgarium
1018 2144 1083 2185 vel
1111 2146 1310 2197 doctorum
1333 2143 1538 2185 hominum
1554 2147 1603 2185 de
1622 2148 1762 2187 eadem
1778 2161 1820 2188 re

262 2212 477 2250 sententiae
490 2238 501 2257 ,
516 2205 551 2260 l)
581 2223 705 2262 neque
732 2210 834 2260 quod
851 2221 920 2260 per
940 2221 982 2246 se
1008 2210 1170 2259 quisque
1188 2207 1253 2245 vel
1278 2202 1495 2258 cogitasse,
1525 2208 1590 2247 vel
1606 2211 1820 2258 invenisse,

260 2273 323 2311 vel
346 2273 599 2324 perspexisse
627 2272 852 2318 crediderit,
883 2269 1063 2326 idemnab
1083 2269 1205 2311 altero
1225 2270 1369 2308 dictum
1387 2269 1451 2308 vel
1468 2271 1653 2322 scriptum
1668 2275 1822 2327 patien-

262 2335 320 2374 ter
347 2337 449 2374 ferre
477 2343 635 2387 paratus
663 2342 724 2372 est
750 2343 788 2373 et
816 2335 978 2385 ingenio
1008 2345 1078 2373 suo
1105 2334 1381 2372 conformatus.
1453 2330 1556 2377 Quid
1591 2334 1718 2381 iuvat,
1764 2337 1819 2374 ita

348 2470 380 2510 l)
406 2469 475 2500 efr.
496 2470 596 2501 Plinii
618 2469 726 2509 Epist.
750 2467 786 2505 1,
807 2467 875 2505 20,
902 2467 955 2499 12.
1223 2514 1260 2552 A

1286 2519 1309 2551 2
