2150 3138
1064 180 1116 220 12

296 301 503 339 restituere
522 297 651 335 locum
671 302 886 340 tentamus,
915 305 1061 345 suaque
1091 294 1229 344 cuique
1246 292 1505 330 vindicamus.
1568 290 1693 329 Cuius
1716 289 1873 344 quidem

298 363 428 414 operis
456 374 503 399 eo
534 358 720 397 laetiores
740 363 850 395 erunt
869 364 1106 406 proventus,
1138 368 1216 407 quo
1236 355 1478 394 constantius
1499 362 1666 392 naturae
1674 355 1876 404 ‘presseri-

299 438 388 464 mus
416 424 605 474 vestigia;
641 420 682 459 id
711 420 809 471 quod
836 425 877 455 et
894 417 1127 456 Ciceronem
1146 418 1321 456 sensisse
1339 416 1451 454 locus
1469 414 1538 453 ille
1563 416 1613 454 de
1633 413 1725 453 Nat.
1747 415 1874 453 Deor-

300 485 361 534 11,
395 489 436 523 2.
461 485 573 523 testis
603 490 675 520 est.
736 482 856 520 Porro
884 479 976 531 quid
1004 480 1251 518 statuendum
1284 479 1335 516 sit
1352 477 1402 515 de
1419 479 1586 525 ratione,
1607 490 1723 528 quam
1745 476 1878 515 Sallu-

300 550 401 586 stius
419 554 574 584 secutus
594 552 674 591 est,
702 541 814 580 Catil.
836 540 906 579 Vl.
932 550 1034 580 extr.
1061 541 1218 579 dicens:
1261 541 1471 591 imperium
1501 540 1607 591 quod
1639 540 1752 577 initio
1785 551 1876 577 con-

299 609 522 649 servandae
540 607 735 645 libertatis
757 612 869 653 atque
889 603 1102 653 augendae
1121 601 1369 653 reipublicae
1383 603 1645 640 fuerat--de
1663 615 1712 639 eo
1732 614 1876 639 consu-

299 671 360 709 las
381 668 581 715 Coi-tium,
617 668 684 718 qui
709 668 765 705 uti
789 667 828 703 in
857 664 970 713 aliis,
1004 665 1059 703 ita
1081 672 1120 703 et
1146 664 1212 704 hic
1234 665 1329 717 quid
1351 672 1514 704 rectum
1541 664 1682 717 quidve
1709 675 1876 715 pravum

299 745 370 784 pro
390 732 525 770 iudicii
543 728 756 768 subtilitate
775 729 975 772 distinxit;
1006 728 1182 768 describi
1203 729 1309 766 enim
1338 730 1394 766 ait
1411 730 1500 766 istis
1522 726 1656 765 verbis
1681 731 1877 765 notionem

301 794 524 837 Adiectiv2'3
573 804 657 830 cum
698 804 773 842 quo
799 791 1017 837 consentit,
1053 792 1100 829 <si
1131 803 1325 829 summam
1355 791 1618 841 spectaveris‚
1655 787 1798 827 Bauer.
1826 788 1878 826 ad

302 856 433 895 Sanct.
451 854 672 892 Minervam
692 852 806 891 Tom.
823 849 856 889 I.
884 866 923 903 p.
945 848 1099 903 201.⁷)
1160 851 1300 903 Neque
1327 854 1459 890 minus
1476 854 1624 891 iudicio
1641 860 1776 890 nostro
1792 852 1879 901 opi-

304 916 446 955 tulatur
485 915 728 961 Hermanni‚
781 914 828 951 de
866 915 1071 952 notionum
1100 915 1267 963 quadam
1293 915 1526 952 confusione
1552 916 1682 965 poetis
1714 912 1877 950 Graecis

302 978 407 1016 haud
432 978 670 1025 infrequenti
700 976 933 1026 suffragium
961 977 1016 1012 ita
1046 976 1211 1013 serentis
1244 976 1491 1013 auctoritnst·
1514 973 1753 1023 „Quoniam
1770 973 1879 1011 udie-

304 1040 445 1077 ctivum
465 1046 572 1075 notat
589 1038 655 1091 id,¹
675 1038 777 1087 quod
796 1037 960 1075 alicuius
981 1038 1039 1075 rei
1054 1036 1119 1074 vel
1139 1045 1289 1087 partem
1307 1036 1491 1087 aliquam,
1520 1036 1587 1075 vel
1608 1037 1726 1074 aliam
1744 1048 1879 1086 quam·

305 1095 454 1150 cunque
485 1107 617 1136 notam
650 1100 867 1147 contineat,
915 1110 997 1136 non
1025 1097 1179 1136 alienus
1209 1106 1270 1136 est
1299 1097 1505 1136 Genitivus
1535 1100 1577 1136 in
1605 1109 1880 1136 commemora-

304 1165 409 1200 tione
437 1161 690 1205 condit-ionic,
729 1159 778 1198 ab
796 1160 865 1198 illa
881 1174 948 1207 re,
987 1174 1085 1212 quae
1111 1160 1295 1198 Genitivo
1324 1173 1419 1199 casn
1442 1162 1667 1198 nominatur
1681 1188 1694 1207 ,
1735 1159 1881 1211 repeti-

304 1226 416 1261 tae.“
480 1220 614 1267 Quare
645 1235 801 1261 versum
833 1236 889 1261 ex
928 1220 1137 1274 Sophoclis
1165 1222 1323 1262 Electra
1351 1226 1422 1261 19.
1467 1219 1634 1273 μέλαινά
1663 1220 1693 1262 τ’
1720 1217 1880 1274 ἄστρων

307 1286 528 1325 ἐκλέλοιπεν
545 1282 722 1338 εὐφρόνη
740 1286 795 1322 ita
812 1294 965 1323 vertere
983 1283 1114 1332 iubet,
1146 1298 1191 1323 ac
1209 1287 1244 1322 si
1264 1285 1407 1323 dictum
1424 1286 1561 1323 foretz·
1575 1281 1748 1339 εὐφρόνη
1769 1282 1881 1323 ἀστε-

307 1344 462 1397 ρόεσσα.
530 1346 656 1397 Atque
693 1347 809 1384 huius
847 1348 1005 1398 generis
1039 1346 1224 1397 exempla
1251 1346 1364 1397 plura
1391 1348 1565 1398 reperies
1601 1360 1625 1384 a
1660 1346 1891 1384 clarissimo·

308 1407 449 1458 Vigeri
483 1406 676 1444 Zeuniani
710 1409 971 1445 restauratore
1013 1416 1200 1458 congesta
1248 1408 1289 1458 p.
1319 1410 1422 1446 890.
1447 1416 1487 1446 et
1514 1411 1617 1447 891.
1662 1408 1753 1446 edit.
1778 1403 1882 1457 11.8)

332 1564 334 1567 ,
397 1531 434 1569 7)
463 1531 622 1560 ceterum
641 1531 799 1560 immensi
820 1534 979 1570 putamus
995 1530 1109 1569 operis
1127 1529 1360 1569 exemplorum
1376 1529 1604 1570 farraginem,
1629 1539 1730 1571 quam
1752 1530 1881 1569 passim

316 1583 516 1620 congestam
546 1589 586 1611 ac
611 1590 720 1621 paene
738 1585 974 1619 coacervatam
993 1580 1218 1617 offendimus,
1240 1582 1290 1610 ita
1305 1580 1466 1620 digerere
1479 1590 1523 1613 ac
1539 1590 1744 1618 secernere,
1761 1585 1801 1612 ut
1816 1590 1880 1612 suu

311 1620 470 1671 quodque
499 1631 715 1662 adscribatur
730 1631 823 1668 loco;
840 1670 842 1672 ‚
861 1641 928 1672 quo
950 1632 983 1660 in
999 1640 1130 1671 genere
1146 1631 1318 1662 Baueruni
1345 1630 1474 1665 Sanctii
1494 1630 1671 1662 Minervae
1689 1630 1881 1663 vehemen-

310 1685 366 1712 ter
389 1681 579 1719 laboranti,
615 1692 681 1712 non
707 1686 838 1712 tantum
871 1686 1033 1721 quantum
1060 1681 1279 1712 desideretur
1304 1682 1462 1713 medelae
1489 1681 1670 1719 attulisse,
1712 1681 1880 1713 dolemus.

308 1732 383 1769 lta,
420 1740 463 1762 ne
486 1731 652 1762 audacter
673 1732 800 1763 dictum
825 1732 1003 1771 videatur,
1039 1733 1329 1765 constructionem
1354 1733 1451 1764 verbi
1475 1732 1595 1764 mirari·
1618 1742 1695 1764 cum
1716 1733 1879 1765 Genitirn

310 1792 410 1821 cusu,
442 1782 621 1814 Obiectum
647 1777 782 1815 scilicet
809 1784 1018 1823 denotante,
1038 1783 1177 1826 (virgil.
1192 1785 1276 1818 Aen.
1293 1784 1360 1823 Xl,
1387 1783 1471 1816 126.
1489 1783 1676 1817 eutitianae
1699 1785 1879 1816 mireo->bel-

309 1832 373 1864 liue
396 1833 559 1874 laborum)
589 1835 749 1875 ellipticis
778 1835 989 1868 dictionibus
1007 1835 1230 1867 adnumerari
1246 1845 1357 1876 aequo
1373 1837 1493 1869 animo
1506 1845 1627 1876 passius
1641 1842 1709 1868 vest.
1749 1838 1880 1877 Cuique

308 1885 398 1915 enim
417 1885 451 1914 in
473 1885 592 1916 oculos
608 1878 755 1918 *incurrit
777 1887 857 1918 talis
880 1890 1075 1918 structurae
1095 1895 1172 1918 cum
1190 1885 1402 1920 Graecorum
1421 1897 1518 1920 more
1530 1887 1716 1927 adfinitas,
1752 1888 1795 1922 dc
1811 1899 1879 1933 quo

309 1935 416 1968 adeas
439 1935 927 1981 M.1tth.Gran1mat.§.348.
950 1938 1166 1971 :tandit-1¹.
1209 1937 1436 1971 Subtiliusex
1457 1939 1713 1980 Grammaticae
1730 1940 1881 1974 Latinae

307 1988 504 2019 doctoribus
526 1989 560 2018 in
585 1998 661 2018 eam
686 1999 756 2019 rem
775 1990 992 2030 inquisivisse
1008 1989 1283 2020 Ruddimannum
1304 1989 1510 2022 documento
1531 1995 1630 2029 sunt,
1652 2001 1740 2033 quae
1758 1992 1877 2047 legun·

310 2042 367 2069 tur
381 2039 545 2069 Institutt.
562 2039 603 2071 ΙΙ,
624 2049 654 2079 p.
673 2040 754 2073 119.

396 2091 433 2128 8)
456 2091 615 2131 Inprimis
638 2091 740 2122 laude
769 2092 896 2133 dignus
919 2100 1058 2132 semper
1073 2090 1173 2122 nobis
1199 2092 1295 2122 visus
1318 2096 1374 2124 est
1396 2093 1453 2124 vir
1475 2094 1536 2126 iile
1558 2095 1682 2136 ingens
1697 2095 1879 2129 literarum

312 2142 523 2174 Graecarum
547 2147 583 2174 et
607 2144 712 2174 totius
730 2144 945 2184 antiquitatis
966 2143 1228 2179 strenuissimus
1245 2147 1339 2176 tutor
1356 2149 1462 2185 atque
1475 2144 1662 2183 wdefensor
1684 2148 1775 2188 quod
1789 2157 1880 2190 qnae

309 2194 506 2225 fictionibus
535 2194 840 2227 Grammaticorum
858 2197 977 2235 essent
992 2193 1148 2231 detorta,
1175 2194 1432 2234 explanaverit,
1464 2197 1562 2227 novis
1585 2201 1689 2237 atque
1715 2198 1881 2231 inauditis

311 2244 557 2276 additamentis
578 2246 749 2276 cumulata
769 2250 871 2287 atque
897 2248 1043 2286 gravata
1066 2243 1258 2284 levaverit,
1284 2246 1374 2277 viam
1399 2247 1516 2278 multis
1536 2252 1680 2279 temere
1696 2252 1882 2283 exstructis

310 2296 534 2328 munimentis
556 2301 772 2338 praeseptam
798 2297 944 2338 expedit
948 2297 1037 2333 erit,
1059 2296 1242 2337 omniaque
1258 2296 1568 2330 Grammaticorum
1591 2305 1795 2340 praecepta,
1813 2303 1881 2334 nisi

310 2346 456 2377 rationis
487 2356 594 2380 sanae
623 2349 745 2379 edictis
767 2352 1000 2379 consentanea
1022 2349 1162 2387 reperta
1185 2346 1335 2387 fuerint,
1355 2349 1562 2391 abroganda
1595 2353 1779 2383 censuerit.
1826 2353 1881 2386 lta

311 2396 415 2428 etiam
438 2407 501 2439 pro
525 2409 588 2431 sua
606 2401 704 2441 quasi
726 2400 850 2432 bellica
868 2401 1016 2437 virtute,
1034 2398 1213 2439 Enipseon
1230 2399 1372 2431 ὀοιιωιιι
1388 2402 1519 2434 excidit
1529 2402 1654 2433 silvam
1674 2401 1879 2446 facilemque

306 2446 416 2482 cuivis
438 2452 490 2482 rei
507 2453 767 2493 cognoscendae
792 2452 913 2494 cupido
938 2451 1124 2483 iucundum
1146 2450 1313 2493 patefecit
1335 2456 1565 2495 prospectum.
1608 2453 1736 2488 Exstat
1757 2459 1878 2492 tanta·
