2150 3138
1028 278 1090 319 23

264 390 487 429 disserendi
516 390 669 433 veniam
690 391 879 442 petimus,
915 402 960 430 ut
988 407 1087 444 quae
1118 401 1253 431 nostra
1276 394 1479 439 intersint,
1518 405 1693 444 quaeque
1724 391 1839 430 nobis

265 450 373 490 laeta
400 465 445 491 ac
471 453 623 501 fausta,
665 454 862 506 ingentem
888 453 1039 494 cladem
1067 457 1318 495 domesticam
1336 456 1559 507 perpessis,
1574 456 1837 506 contigerint,

265 527 355 554 cum
372 516 507 554 amicis
525 524 639 568 atque
661 515 879 556 fautoribus
899 518 1246 557 communicemus.
1301 520 1374 557 Est
1400 519 1506 555 enim
1525 520 1629 569 grati
1645 519 1687 555 in
1707 516 1837 555 Deum

267 576 523 629 hominesque
543 591 682 617 sensus
693 607 705 627 ,
736 589 778 619 ut
795 594 894 632 quae
912 582 1098 621 interiore
1117 582 1239 620 animi
1257 593 1417 620 recessu
1437 579 1677 630 aliquamdiu
1693 580 1838 618 foveri·

267 652 354 678 mus
372 641 571 677 recondita
591 648 630 678 ct
647 639 810 689 obtecta,
838 643 992 692 prodire
1013 652 1051 681 et
1072 643 1200 693 palam
1212 642 1301 681 fieri
1319 642 1542 689 iubeamus,
1561 654 1680 693 quum
1702 649 1835 691 aptum

265 703 421 740 venerit
436 711 550 753 atque
570 702 753 740 idoneum
776 712 940 754 tempus.
1001 703 1146 752 Venit,
1184 712 1397 756 atque0nos
1426 703 1555 742 officio
1572 704 1731 754 pietatis
1745 715 1836 754 gra-

265 765 419 802 tissimo
449 763 675 802 satisfacere
701 778 966 815 properamuS.
1027 768 1079 806 Et
1097 779 1214 817 quum
1235 768 1337 816 quod
1355 780 1460 804 anno
1480 774 1596 804 antea
1614 767 1686 803 vix
1706 765 1835 814 suspi-

265 825 346 865 cari
372 837 491 863 ausus
521 825 617 872 sim,
671 833 714 865 ut
739 826 788 864 ad
825 825 1080 867 honorificum
1106 828 1348 867 Professoris
1373 827 1632 878 Eloquentiae
1672 828 1715 864 in
1753 825 1832 875 Gy·

264 888 420 925 mnasio
438 894 571 924 nostro
591 899 732 925 munus
750 887 947 938 eveherer,
975 889 1120 929 Divini-
1133 888 1315 928 Numinis
1333 890 1628 941 prospicientia,
1647 886 1832 926 Clemen-

263 950 505 986 tissimorum
525 947 745 999 Principum
763 950 1027 989 Ruthcnorum
1047 953 1187 1003 gratia,
1207 963 1446 989 summorum
1465 951 1498 988 F
1500 958 1679 988 autorum
1699 962 1744 988 ac
1755 948 1831 986 Pa-

263 1019 464 1048 trouorum
488 1010 669 1048 acciderit
685 1010 968 1058 benevolentia,
995 1022 1038 1050 ut
1056 1013 1169 1050 nobis
1187 1026 1233 1050 ac
1248 1015 1306 1050 rei
1322 1013 1502 1065 publicae
1522 1021 1681 1050 nostrae
1708 1010 1829 1049 saluti

262 1074 303 1111 id
326 1074 472 1111 factum
504 1075 575 1118 sit,
612 1082 651 1110 et
668 1088 767 1125 quae
786 1077 827 1111 in
851 1077 1050 1112 iuventute
1070 1077 1310 1112 efformanda
1330 1084 1444 1127 atque
1464 1075 1679 1112 erudienda
1704 1073 1827 1111 collo—

262 1143 368 1174 cetur
399 1147 518 1185 opera
543 1133 646 1173 laeto
668 1142 708 1174 et
724 1148 912 1186 prospero
931 1145 974 1175 ιιι
991 1151 1041 1174 ne
1059 1151 1230 1188 unquam
1250 1146 1380 1175 careat
1400 1150 1585 1175 successu
1605 1149 1824 1187 precamur.

261 1194 363 1235 Nam
388 1204 431 1234 ut
447 1197 513 1246 pia
530 1208 601 1246 pro
622 1198 777 1236 civitate
795 1206 929 1236 nostra
946 1206 1037 1236 vota
1058 1210 1348 1249 nuncupemus,
1374 1199 1462 1249 ipsa
1481 1199 1613 1236 exacti
1635 1197 1825 1247 temporis

260 1266 480 1297 commonet
508 1259 674 1295 iucunda
698 1260 928 1297 recordatio.
993 1259 1108 1298 Stetit
1134 1267 1249 1312 atque
1280 1268 1435 1298 servata
1467 1267 1527 1297 est
1553 1260 1595 1297 in
1613 1257 1825 1296 vehemen-

259 1321 427 1358 tissimis·
446 1331 575 1356 rerum
597 1319 839 1370 publicarum
859 1320 1155 1371 tempestatibus
1175 1323 1313 1359 civitas
1338 1328 1473 1358 nostra
1489 1319 1600 1357 salva
1617 1327 1657 1357 et
1673 1317 1825 1357 incolu-

259 1383 355 1425 mis;
386 1381 499 1418 floret
529 1382 706 1433 vigetque
733 1384 850 1419 etiam
878 1394 982 1419 nunc
1014 1383 1217 1433 egregium
1242 1383 1392 1433 patriae
1422 1383 1541 1419 decus
1558 1389 1598 1419 et
1617 1393 1825 1419 ornamen—

257 1452 339 1482 tum
355 1440 629 1491 Gymnasium,
660 1442 787 1481 bonae
814 1445 971 1481 mentis'
989 1457 1043 1482 ac⁴
1063 1445 1235 1481 cuiusvis
1252 1445 1406 1481 virtutis
1423 1443 1693 1481 firmissimum
1713 1455 1826 1493 prae·

258 1504 419 1551 sidium,
453 1505 593 1541 artium
619 1512 659 1542 et
686 1504 887 1543 literarum
917 1504 1198 1542 honestissima
1221 1503 1398 1549 officiua;
1432 1507 1495 1543 cui
1529 1514 1572 1542 ut
1588 1503 1755 1542 laetiora
1780 1505 1824 1540 in

258 1567 342 1605 dies
370 1567 609 1604 incrementa
632 1565 823 1618 largiatur
849 1570 978 1604 rerum
1007 1565 1265 1605 humanarum
1296 1579 1502 1617 supremus
1521 1574 1560 1605 et
1581 1566 1826 1616 sapientissi-

255 1640 344 1667 mus
370 1628 610 1674 moderator,
649 1626 760 1666 Deus
783 1627 833 1665 Ο.
852 1626 910 1666 Μ.
942 1627 1108 1679 supplici
1127 1641 1195 1666 ore
1211 1641 1428 1679 precamur.
1486 1626 1648 1666 Factum
1668 1636 1749 1675 est,
1782 1627 1824 1665 id

252 1690 358 1742 'quod
375 1690 511 1727 intimo
528 1690 684 1739 pietatis
703 1698 742 1727 et
758 1690 951 1727 amicitiae
971 1702 1090 1727 sensu
1108 1689 1238 1740 palam
1255 1688 1431 1740 profiteri
1447 1689 1510 1726 fas
1528 1697 1601 1736 est,
1620 1689 1822 1735 divinitus,

254 1760 301 1790 ut·
329 1764 443 1804 quem
470 1763 540 1802 per
572 1751 756 1789 tredecim
785 1749 1035 1788 habuerimus
1062 1763 1187 1789 annos
1213 1764 1342 1789 rerum
1369 1759 1591 1788 nostrarum
1619 1758 1821 1788 strenuum

254 1820 368 1864 atque
383 1813 625 1850 indefessum
634 1812 925 1859 administrum,
953 1810 1131 1850 laborum
1154 1813 1301 1851 socium
1321 1811 1478 1849 fidelem
1498 1824 1544 1849 ac
1561 1820 1819 1857 constantem,

253 1886 343 1914 eum
359 1875 443 1922 iam·
459 1872 617 1912 scholae
635 1882 748 1926 atque
768 1872 957 1924 ecclesiae
974 1875 1211 1924 praefectum
1238 1886 1284 1913 ac
1312 1873 1532 1924 praesidem
1552 1871 1707 1923 publice
1727 1884 1820 1911 con-

252 1938 428 1975 stitutum
453 1935 581 1973 colere
610 1944 649 1973 et
678 1935 886 1973 observare
910 1935 1037 1974 liceat.
1098 1936 1130 1972 F
1132 1938 1218 1974 axit
1237 1935 1348 1973 Deus
1362 1962 1373 1981 ,
1403 1942 1445 1972 ιιι
1461 1936 1563 1985 quod
1581 1943 1660 1972 tam
1677 1936 1820 1973 faustis

251 2006 406 2048 tamque
422 1996 536 2034 laetis
555 1996 750 2035 ominibus
772 1998 986 2046 susceperit
1003 2009 1166 2043 munus,
1194 1998 1271 2046 ipsi
1285 1995 1449 2033 feliciter
1466 1997 1671 2045 procedat,
1704 2004 1820 2046 atque

251 2060 336 2099 eius
367 2057 488 2097 tutela
514 2066 552 2096 et
578 2056 681 2097 dulci
708 2059 926 2109 praesidio,
959 2058 995 2095 si
1022 2069 1099 2109 qua
1127 2070 1290 2108 usquam
1318 2058 1360 2094 in
1379 2056 1579 2107 republica
1609 2066 1745 2095 nostra
1763 2056 1823 2095 la-

250 2120 412 2168 bantur,
452 2120 502 2157 ad
540 2119 762 2167 meliorem,
796 2121 916 2157 immo
959 2119 1008 2156 ad
1047 2121 1236 2169 optimum
1265 2126 1409 2157 statum
1441 2119 1693 2157 adducantur.
1768 2119 1822 2157 Et

250 2195 369 2236 quum
395 2181 494 2220 haec
522 2180 637 2220 nobis
654 2195 678 2219 a
702 2180 917 2220 maioribus
936 2181 1077 2228 tradita
1100 2182 1152 2219 sit
1168 2180 1429 2227 consuetudo,
1462 2188 1504 2218 ut
1522 2193 1653 2218 annuo
1672 2180 1822 2218 studim

247 2258 336 2283 rum
355 2243 546 2283 curriculo
565 2252 774 2291 transacto,
807 2245 902 2281 novi
922 2244 1155 2294 principium
1176 2250 1258 2294 tum
1281 2241 1396 2280 nobis
1415 2250 1454 2279 et
1474 2243 1540 2293 qui
1558 2242 1763 2281 nobiscum
1779 2243 1823 2280 in

249 2308 389 2347 eodem
427 2319 547 2357 opere
587 2314 790 2344 versantur
830 2303 1006 2356 Collegis
1044 2313 1083 2342 et
1108 2306 1266 2351 amicis,
1306 2312 1388 2341 tum
1422 2302 1678 2355 Reipublicae
1705 2304 1824 2342 Prae—

247 2367 422 2415 niuibus,
462 2377 576 2419 atque
599 2367 780 2406 omnibus
800 2369 983 2413 omuino,
1010 2368 1076 2418 qui
1096 2365 1379 2404 nostris-rebus
1400 2367 1561 2403 faveant
1585 2373 1823 2414 annuantve,

247 2444 325 2484 qua
344 2431 455 2469 decet
480 2431 736 2477 verecundia,
768 2428 1105 2484 congratulemur,
1136 2422 1278 2475 restat,
1310 2436 1353 2465 ut
1375 2426 1593 2465 Sollemnia
1613 2430 1654 2465 in
1673 2426 1825 2466 Illustri

243 2490 450 2531 Rutheneo
468 2494 635 2531 crastino
656 2492 718 2530 die
737 2491 834 2543 hora
849 2488 923 2529 XI.
943 2491 1130 2528 matutina
1148 2488 1480 2537 concelebranda,
1515 2490 1618 2540 grati
1637 2491 1824 2528 nimirum

244 2566 291 2593 ac
318 2555 504 2593 memoris
530 2556 572 2594 in
589 2553 719 2593 Deum
749 2554 871 2593 animi
898 2553 1152 2600 documenta,
1190 2550 1359 2604 publicis
1392 2551 1501 2590 hisce
1525 2549 1651 2590 literis
1676 2552 1826 2591 iudica-
